{"bids": [[62304.98, 0.02], [62293.53, 0.02530863], [62293.52, 0.16047599], [62286.16, 0.03210986], [62285.84, 0.10013775]], "asks": [[62317.59, 0.01198115], [62317.6, 1.1], [62320.47, 0.10835389], [62320.71, 0.01962464], [62331.02, 0.07203]], "ts": 1618626562640}
{"bids": [[62304.98, 0.02], [62293.53, 0.02530863], [62293.52, 0.16047599], [62286.16, 0.03210986], [62285.84, 0.10013775]], "asks": [[62317.59, 0.01198115], [62317.6, 1.1], [62320.47, 0.10835389], [62320.71, 0.01962464], [62331.02, 0.07203]], "ts": 1618626562642}
{"bids": [[62293.53, 0.02530863], [62293.52, 0.16047599], [62286.16, 0.03210986], [62285.84, 0.10013775]], "asks": [[62317.59, 0.01198115], [62317.6, 1.1], [62320.47, 0.10835389], [62320.71, 0.01962464], [62331.02, 0.07203]], "ts": 1618626562643}
{"bids": [[62293.53, 0.02530863], [62293.52, 0.16047599], [62286.16, 0.03210986], [62285.84, 0.10013775]], "asks": [[62317.59, 0.01198115], [62317.6, 1.1], [62320.47, 0.10835389], [62331.02, 0.07203]], "ts": 1618626562671}
{"bids": [[62293.53, 0.02530863], [62293.52, 0.16047599], [62286.16, 0.03210986], [62285.84, 0.10013775]], "asks": [[62317.59, 0.01198115], [62317.6, 1.1], [62320.47, 0.10835389], [62331.02, 0.07203]], "ts": 1618626562672}
{"bids": [[62293.53, 0.02530863], [62293.52, 0.16047599], [62286.16, 0.03210986], [62285.84, 0.10013775]], "asks": [[62317.59, 0.01198115], [62317.6, 1.1], [62320.47, 0.10835389], [62331.02, 0.07203]], "ts": 1618626562673}
{"bids": [[62293.53, 0.02530863], [62293.52, 0.16047599], [62286.16, 0.03210986], [62285.84, 0.10013775], [62205.06, 1.2]], "asks": [[62317.59, 0.01198115], [62317.6, 1.1], [62320.47, 0.10835389], [62331.02, 0.07203]], "ts": 1618626562675}
{"bids": [[62293.53, 0.02530863], [62293.52, 0.16047599], [62292.67, 0.02], [62286.16, 0.03210986], [62285.84, 0.10013775]], "asks": [[62317.59, 0.01198115], [62317.6, 1.1], [62320.47, 0.10835389], [62331.02, 0.07203]], "ts": 1618626562677}
{"bids": [[62293.53, 0.02530863], [62293.52, 0.16047599], [62292.67, 0.02], [62286.16, 0.03210986], [62285.84, 0.10013775]], "asks": [[62317.59, 0.01198115], [62317.6, 1.1], [62320.47, 0.10835389], [62331.02, 0.07203]], "ts": 1618626562677}
{"bids": [[62293.53, 0.02530863], [62293.52, 0.16047599], [62292.67, 0.02], [62286.16, 0.03210986], [62285.84, 0.10013775]], "asks": [[62317.59, 0.01198115], [62317.6, 1.1], [62320.47, 0.10835389], [62331.02, 0.07203]], "ts": 1618626562678}
{"bids": [[62293.53, 0.02530863], [62293.52, 0.16047599], [62292.67, 0.02], [62286.16, 0.03210986], [62285.84, 0.10013775]], "asks": [[62317.58, 0.02], [62317.59, 0.01198115], [62317.6, 1.1], [62320.47, 0.10835389], [62331.02, 0.07203]], "ts": 1618626562679}
{"bids": [[62293.53, 0.02530863], [62293.52, 0.16047599], [62292.67, 0.02], [62286.16, 0.03210986], [62285.84, 0.10013775]], "asks": [[62317.58, 0.02], [62317.59, 0.01198115], [62317.6, 1.1], [62320.47, 0.10835389], [62331.02, 0.07203]], "ts": 1618626562680}
{"bids": [[62293.53, 0.02530863], [62293.52, 0.16047599], [62292.67, 0.02], [62286.16, 0.03210986], [62285.84, 0.10013775]], "asks": [[62317.58, 0.02], [62317.59, 0.01198115], [62317.6, 1.1], [62320.47, 0.10835389], [62331.02, 0.07203]], "ts": 1618626562681}
{"bids": [[62293.53, 0.02530863], [62293.52, 0.16047599], [62292.67, 0.02], [62286.16, 0.03210986], [62285.84, 0.10013775]], "asks": [[62317.58, 0.02], [62317.59, 0.01198115], [62317.6, 1.1], [62320.47, 0.10835389], [62331.02, 0.07203]], "ts": 1618626562683}
{"bids": [[62293.53, 0.02530863], [62293.52, 0.16047599], [62292.67, 0.02], [62286.16, 0.03210986], [62285.84, 0.10013775]], "asks": [[62317.58, 0.02], [62317.59, 0.01198115], [62317.6, 1.1], [62320.47, 0.10835389], [62331.02, 0.07203]], "ts": 1618626562683}
{"bids": [[62293.53, 0.02530863], [62293.52, 0.16047599], [62292.67, 0.02], [62286.16, 0.03210986], [62285.84, 0.10013775]], "asks": [[62317.58, 0.02], [62317.59, 0.01198115], [62317.6, 1.1], [62320.47, 0.10835389], [62331.02, 0.07203]], "ts": 1618626562684}
{"bids": [[62293.53, 0.02530863], [62293.52, 0.16047599], [62292.67, 0.02], [62286.16, 0.03210986], [62285.84, 0.10013775]], "asks": [[62317.58, 0.02], [62317.59, 0.01198115], [62317.6, 1.1], [62320.47, 0.10835389], [62331.02, 0.07203]], "ts": 1618626562685}
{"bids": [[62293.53, 0.02530863], [62293.52, 0.16047599], [62292.67, 0.02], [62286.16, 0.03210986], [62285.84, 0.10013775]], "asks": [[62317.58, 0.02], [62317.59, 0.01198115], [62317.6, 1.1], [62320.47, 0.10835389], [62331.02, 0.07203]], "ts": 1618626562685}
{"bids": [[62293.53, 0.02530863], [62293.52, 0.16047599], [62292.67, 0.02], [62286.16, 0.03210986], [62285.84, 0.10013775]], "asks": [[62317.58, 0.02], [62317.59, 0.01198115], [62317.6, 1.1], [62320.47, 0.10835389], [62331.02, 0.07203]], "ts": 1618626562686}
{"bids": [[62293.53, 0.02530863], [62293.52, 0.16047599], [62292.67, 0.02], [62286.16, 0.03210986], [62285.84, 0.10013775]], "asks": [[62317.58, 0.02], [62317.59, 0.01198115], [62317.6, 1.1], [62320.47, 0.10835389], [62331.02, 0.07203]], "ts": 1618626562686}
{"bids": [[62293.53, 0.02530863], [62293.52, 0.16047599], [62292.67, 0.02], [62286.16, 0.03210986], [62285.84, 0.10013775]], "asks": [[62317.58, 0.02], [62317.59, 0.01198115], [62317.6, 1.1], [62320.47, 0.10835389], [62331.02, 0.07203]], "ts": 1618626562686}
{"bids": [[62293.53, 0.02530863], [62293.52, 0.16047599], [62292.67, 0.02], [62286.16, 0.03210986], [62285.84, 0.10013775]], "asks": [[62317.58, 0.02], [62317.59, 0.01198115], [62317.6, 1.1], [62320.47, 0.10835389], [62331.02, 0.07203]], "ts": 1618626562687}
{"bids": [[62293.53, 0.02530863], [62293.52, 0.16047599], [62292.67, 0.02], [62286.16, 0.03210986], [62285.84, 0.10013775]], "asks": [[62317.58, 0.02], [62317.59, 0.01198115], [62317.6, 1.1], [62320.47, 0.10835389], [62331.02, 0.07203]], "ts": 1618626562687}
{"bids": [[62293.53, 0.02530863], [62293.52, 0.16047599], [62292.67, 0.02], [62286.16, 0.03210986]], "asks": [[62317.58, 0.02], [62317.59, 0.01198115], [62317.6, 1.1], [62320.47, 0.10835389], [62331.02, 0.07203]], "ts": 1618626562688}
{"bids": [[62293.53, 0.02530863], [62293.52, 0.16047599], [62292.67, 0.02], [62286.16, 0.03210986]], "asks": [[62317.58, 0.02], [62317.59, 0.01198115], [62317.6, 1.1], [62320.47, 0.10835389], [62331.02, 0.07203]], "ts": 1618626562689}
{"bids": [[62293.53, 0.02530863], [62293.52, 0.16047599], [62292.67, 0.02], [62286.16, 0.03210986], [62280.15, 0.025]], "asks": [[62317.58, 0.02], [62317.59, 0.01198115], [62317.6, 1.1], [62320.47, 0.10835389], [62331.02, 0.07203]], "ts": 1618626562689}
{"bids": [[62293.53, 0.02530863], [62293.52, 0.16047599], [62292.67, 0.02], [62286.16, 0.03210986], [62280.15, 0.025]], "asks": [[62317.58, 0.02], [62317.59, 0.01198115], [62317.6, 1.1], [62320.47, 0.10835389], [62331.02, 0.07203]], "ts": 1618626562689}
{"bids": [[62293.53, 0.02530863], [62293.52, 0.16047599], [62292.67, 0.02], [62286.16, 0.03210986], [62280.15, 0.025]], "asks": [[62317.58, 0.02], [62317.59, 0.01198115], [62317.6, 1.1], [62320.47, 0.10835389], [62331.02, 0.07203]], "ts": 1618626562690}
{"bids": [[62293.53, 0.02530863], [62293.52, 0.16047599], [62292.67, 0.02], [62286.16, 0.03210986]], "asks": [[62317.58, 0.02], [62317.59, 0.01198115], [62317.6, 1.1], [62320.47, 0.10835389], [62331.02, 0.07203]], "ts": 1618626562691}
{"bids": [[62293.53, 0.02530863], [62292.67, 0.02], [62286.16, 0.03210986]], "asks": [[62317.58, 0.02], [62317.59, 0.01198115], [62317.6, 1.1], [62320.47, 0.10835389], [62331.02, 0.07203]], "ts": 1618626562691}
{"bids": [[62292.67, 0.02], [62286.16, 0.03210986]], "asks": [[62317.58, 0.02], [62317.59, 0.01198115], [62317.6, 1.1], [62320.47, 0.10835389], [62331.02, 0.07203]], "ts": 1618626562691}
{"bids": [[62292.67, 0.02], [62286.17, 0.02457161], [62286.16, 0.03210986]], "asks": [[62317.58, 0.02], [62317.59, 0.01198115], [62317.6, 1.1], [62320.47, 0.10835389], [62331.02, 0.07203]], "ts": 1618626562691}
{"bids": [[62292.67, 0.02], [62286.17, 0.02457161], [62286.16, 0.03210986]], "asks": [[62317.58, 0.02], [62317.59, 0.01198115], [62317.6, 1.1], [62320.47, 0.10835389], [62331.02, 0.07203]], "ts": 1618626562692}
{"bids": [[62292.67, 0.02], [62286.17, 0.02457161], [62286.16, 0.03210986]], "asks": [[62317.58, 0.02], [62317.59, 0.01198115], [62317.6, 1.1], [62320.47, 0.10835389], [62331.02, 0.07203]], "ts": 1618626562693}
{"bids": [[62292.67, 0.02], [62286.17, 0.02457161], [62286.16, 0.03210986], [62271.55, 0.3]], "asks": [[62317.58, 0.02], [62317.59, 0.01198115], [62317.6, 1.1], [62320.47, 0.10835389], [62331.02, 0.07203]], "ts": 1618626562693}
{"bids": [[62295.78, 1.1], [62292.67, 0.02], [62286.17, 0.02457161], [62286.16, 0.03210986], [62271.55, 0.3]], "asks": [[62317.58, 0.02], [62317.59, 0.01198115], [62317.6, 1.1], [62320.47, 0.10835389], [62331.02, 0.07203]], "ts": 1618626562694}
{"bids": [[62295.79, 0.02457161], [62295.78, 1.1], [62292.67, 0.02], [62286.17, 0.02457161], [62286.16, 0.03210986]], "asks": [[62317.58, 0.02], [62317.59, 0.01198115], [62317.6, 1.1], [62320.47, 0.10835389], [62331.02, 0.07203]], "ts": 1618626562694}
{"bids": [[62295.79, 0.02457161], [62295.78, 1.1], [62292.67, 0.02], [62286.16, 0.03210986]], "asks": [[62317.58, 0.02], [62317.59, 0.01198115], [62317.6, 1.1], [62320.47, 0.10835389], [62331.02, 0.07203]], "ts": 1618626562694}
{"bids": [[62295.79, 0.02457161], [62295.78, 1.1], [62292.67, 0.02], [62286.16, 0.03210986]], "asks": [[62317.58, 0.02], [62317.59, 0.01198115], [62317.6, 1.1], [62320.47, 0.10835389], [62331.02, 0.07203]], "ts": 1618626562695}
{"bids": [[62295.79, 0.02457161], [62295.78, 1.1], [62292.67, 0.02], [62286.16, 0.03210986], [62277.6, 0.025]], "asks": [[62317.58, 0.02], [62317.59, 0.01198115], [62317.6, 1.1], [62320.47, 0.10835389], [62331.02, 0.07203]], "ts": 1618626562695}
{"bids": [[62295.79, 0.02457161], [62295.78, 1.1], [62292.67, 0.02], [62286.16, 0.03210986]], "asks": [[62317.58, 0.02], [62317.59, 0.01198115], [62317.6, 1.1], [62320.47, 0.10835389], [62331.02, 0.07203]], "ts": 1618626562696}
{"bids": [[62295.79, 0.02457161], [62295.78, 1.1], [62292.67, 0.02], [62286.16, 0.03210986]], "asks": [[62317.58, 0.02], [62317.59, 0.01198115], [62317.6, 1.1], [62320.47, 0.10835389], [62331.02, 0.07203]], "ts": 1618626562696}
{"bids": [[62295.79, 0.02457161], [62295.78, 1.1], [62292.67, 0.02], [62286.16, 0.03210986], [62269.1, 0.02706]], "asks": [[62317.58, 0.02], [62317.59, 0.01198115], [62317.6, 1.1], [62320.47, 0.10835389], [62331.02, 0.07203]], "ts": 1618626562697}
{"bids": [[62295.79, 0.02457161], [62295.78, 1.1], [62292.67, 0.02], [62286.16, 0.03210986], [62269.1, 0.02706]], "asks": [[62317.58, 0.02], [62317.59, 0.01198115], [62317.6, 1.1], [62320.47, 0.10835389], [62331.02, 0.07203]], "ts": 1618626562697}
{"bids": [[62295.79, 0.02457161], [62295.78, 1.1], [62292.67, 0.02], [62289.23, 0.16048759], [62286.16, 0.03210986]], "asks": [[62317.58, 0.02], [62317.59, 0.01198115], [62317.6, 1.1], [62320.47, 0.10835389], [62331.02, 0.07203]], "ts": 1618626562698}
{"bids": [[62295.79, 0.02457161], [62292.67, 0.02], [62289.23, 0.16048759], [62286.16, 0.03210986]], "asks": [[62317.58, 0.02], [62317.59, 0.01198115], [62317.6, 1.1], [62320.47, 0.10835389], [62331.02, 0.07203]], "ts": 1618626562698}
{"bids": [[62292.67, 0.02], [62289.23, 0.16048759], [62286.16, 0.03210986]], "asks": [[62317.58, 0.02], [62317.59, 0.01198115], [62317.6, 1.1], [62320.47, 0.10835389], [62331.02, 0.07203]], "ts": 1618626562699}
{"bids": [[62292.67, 0.02], [62289.24, 0.02390113], [62289.23, 0.16048759], [62286.16, 0.03210986]], "asks": [[62317.58, 0.02], [62317.59, 0.01198115], [62317.6, 1.1], [62320.47, 0.10835389], [62331.02, 0.07203]], "ts": 1618626562699}
{"bids": [[62292.67, 0.02], [62289.24, 0.02390113], [62289.23, 0.16048759], [62286.16, 0.03210986], [62277.6, 0.025]], "asks": [[62317.58, 0.02], [62317.59, 0.01198115], [62317.6, 1.1], [62320.47, 0.10835389], [62331.02, 0.07203]], "ts": 1618626562700}
{"bids": [[62292.67, 0.02], [62289.24, 0.02390113], [62289.23, 0.16048759], [62286.16, 0.03210986], [62277.6, 0.025]], "asks": [[62317.58, 0.02], [62317.59, 0.01198115], [62317.6, 1.1], [62320.47, 0.10835389], [62331.02, 0.07203]], "ts": 1618626562700}
{"bids": [[62292.67, 0.02], [62289.24, 0.02390113], [62289.23, 0.16048759], [62286.16, 0.03210986], [62277.6, 0.025]], "asks": [[62317.58, 0.02], [62317.59, 0.01198115], [62317.6, 1.1], [62320.47, 0.10835389], [62331.02, 0.07203]], "ts": 1618626562701}
{"bids": [[62292.67, 0.02], [62289.24, 0.02390113], [62289.23, 0.16048759], [62286.16, 0.03210986], [62277.6, 0.025]], "asks": [[62317.58, 0.02], [62317.59, 0.01198115], [62317.6, 1.1], [62320.47, 0.10835389], [62331.02, 0.07203]], "ts": 1618626562701}
{"bids": [[62292.67, 0.02], [62289.24, 0.02390113], [62289.23, 0.16048759], [62286.16, 0.03210986], [62277.6, 0.025]], "asks": [[62317.58, 0.02], [62317.59, 0.01198115], [62317.6, 1.1], [62320.47, 0.10835389], [62331.02, 0.07203]], "ts": 1618626562702}
{"bids": [[62292.67, 0.02], [62289.24, 0.02390113], [62289.23, 0.16048759], [62286.16, 0.03210986], [62277.6, 0.025]], "asks": [[62317.58, 0.02], [62317.59, 0.01198115], [62317.6, 1.1], [62320.47, 0.10835389], [62331.02, 0.07203]], "ts": 1618626562702}
{"bids": [[62292.67, 0.02], [62289.24, 0.02390113], [62289.23, 0.16048759], [62286.16, 0.03210986], [62277.6, 0.025]], "asks": [[62317.58, 0.02], [62317.59, 0.01198115], [62317.6, 1.1], [62320.47, 0.10835389], [62331.02, 0.07203]], "ts": 1618626562702}
{"bids": [[62292.67, 0.02], [62289.24, 0.02390113], [62289.23, 0.16048759], [62286.16, 0.03210986], [62277.6, 0.025]], "asks": [[62317.58, 0.02], [62317.59, 0.01198115], [62317.6, 1.1], [62320.47, 0.10835389], [62331.02, 0.07203]], "ts": 1618626562703}
{"bids": [[62292.67, 0.02], [62289.24, 0.02390113], [62289.23, 0.16048759], [62286.16, 0.03210986], [62277.6, 0.025]], "asks": [[62317.58, 0.02], [62317.59, 0.01198115], [62317.6, 1.1], [62320.47, 0.10835389], [62331.02, 0.07203]], "ts": 1618626562703}
{"bids": [[62292.67, 0.02], [62289.24, 0.02390113], [62289.23, 0.16048759], [62286.16, 0.03210986], [62277.6, 0.025]], "asks": [[62317.58, 0.02], [62317.59, 0.01198115], [62317.6, 1.1], [62320.47, 0.10835389], [62331.02, 0.07203]], "ts": 1618626562704}
{"bids": [[62292.67, 0.02], [62289.24, 0.02390113], [62289.23, 0.16048759], [62286.16, 0.03210986], [62277.6, 0.025]], "asks": [[62317.58, 0.02], [62317.59, 0.01198115], [62317.6, 1.1], [62320.47, 0.10835389], [62331.02, 0.07203]], "ts": 1618626562704}
{"bids": [[62292.67, 0.02], [62289.24, 0.02390113], [62289.23, 0.16048759], [62286.16, 0.03210986], [62277.6, 0.025]], "asks": [[62317.58, 0.02], [62317.59, 0.01198115], [62317.6, 1.1], [62320.47, 0.10835389], [62331.02, 0.07203]], "ts": 1618626562705}
{"bids": [[62292.67, 0.02], [62289.24, 0.02390113], [62289.23, 0.16048759], [62286.16, 0.03210986], [62277.6, 0.025]], "asks": [[62317.58, 0.02], [62317.59, 0.01198115], [62317.6, 1.1], [62320.47, 0.10835389], [62331.02, 0.07203]], "ts": 1618626562705}
{"bids": [[62292.67, 0.02], [62289.24, 0.02390113], [62289.23, 0.16048759], [62286.16, 0.03210986], [62277.6, 0.025]], "asks": [[62317.58, 0.02], [62317.59, 0.01198115], [62317.6, 1.1], [62320.47, 0.10835389], [62331.02, 0.07203]], "ts": 1618626562706}
{"bids": [[62292.67, 0.02], [62289.24, 0.02390113], [62289.23, 0.16048759], [62286.16, 0.03210986], [62277.6, 0.025]], "asks": [[62317.58, 0.02], [62317.59, 0.01198115], [62317.6, 1.1], [62320.47, 0.10835389], [62331.02, 0.07203]], "ts": 1618626562706}
{"bids": [[62292.67, 0.02], [62289.24, 0.02390113], [62289.23, 0.16048759], [62286.16, 0.03210986], [62277.6, 0.025]], "asks": [[62317.58, 0.02], [62317.59, 0.01198115], [62317.6, 1.1], [62320.47, 0.10835389], [62331.02, 0.07203]], "ts": 1618626562706}
{"bids": [[62292.67, 0.02], [62289.24, 0.02390113], [62289.23, 0.16048759], [62286.16, 0.03210986], [62277.6, 0.025]], "asks": [[62317.58, 0.02], [62317.59, 0.01198115], [62317.6, 1.1], [62320.47, 0.10835389], [62331.02, 0.07203]], "ts": 1618626562707}
{"bids": [[62292.67, 0.02], [62289.24, 0.02390113], [62289.23, 0.16048759], [62286.16, 0.03210986], [62277.6, 0.025]], "asks": [[62317.58, 0.02], [62317.59, 0.01198115], [62317.6, 1.1], [62320.47, 0.10835389], [62331.02, 0.07203]], "ts": 1618626562707}
{"bids": [[62292.67, 0.02], [62289.24, 0.02390113], [62289.23, 0.16048759], [62286.16, 0.03210986], [62277.6, 0.025]], "asks": [[62317.58, 0.02], [62317.59, 0.01198115], [62317.6, 1.1], [62320.47, 0.10835389], [62331.02, 0.07203]], "ts": 1618626562708}
{"bids": [[62292.67, 0.02], [62289.24, 0.02390113], [62289.23, 0.16048759], [62286.16, 0.03210986], [62277.6, 0.025]], "asks": [[62317.58, 0.02], [62317.59, 0.01198115], [62317.6, 1.1], [62320.47, 0.10835389], [62331.02, 0.07203]], "ts": 1618626562708}
{"bids": [[62292.67, 0.02], [62289.24, 0.02390113], [62289.23, 0.16048759], [62286.16, 0.03210986], [62277.6, 0.025]], "asks": [[62317.58, 0.02], [62317.59, 0.01198115], [62317.6, 1.1], [62320.47, 0.10835389], [62331.02, 0.07203]], "ts": 1618626562709}
{"bids": [[62292.67, 0.02], [62289.24, 0.02390113], [62289.23, 0.16048759], [62286.16, 0.03210986], [62277.6, 0.025]], "asks": [[62317.58, 0.02], [62317.59, 0.01198115], [62317.6, 1.1], [62320.47, 0.10835389], [62331.02, 0.07203]], "ts": 1618626562709}
{"bids": [[62292.67, 0.02], [62289.24, 0.02390113], [62289.23, 0.16048759], [62286.16, 0.03210986], [62277.6, 0.025]], "asks": [[62317.58, 0.02], [62317.59, 0.01198115], [62317.6, 1.1], [62320.47, 0.10835389], [62331.02, 0.07203]], "ts": 1618626562709}
{"bids": [[62292.67, 0.02], [62289.24, 0.02390113], [62289.23, 0.16048759], [62286.16, 0.03210986], [62277.6, 0.025]], "asks": [[62317.58, 0.02], [62317.59, 0.01198115], [62317.6, 1.1], [62320.47, 0.10835389], [62331.02, 0.07203]], "ts": 1618626562710}
{"bids": [[62292.67, 0.02], [62289.24, 0.02390113], [62289.23, 0.16048759], [62286.16, 0.03210986], [62277.6, 0.025]], "asks": [[62317.58, 0.02], [62317.59, 0.01198115], [62317.6, 1.1], [62320.47, 0.10835389], [62331.02, 0.07203]], "ts": 1618626562710}
{"bids": [[62292.67, 0.02], [62289.24, 0.02390113], [62289.23, 0.16048759], [62286.16, 0.03210986], [62277.6, 0.025]], "asks": [[62317.58, 0.02], [62317.59, 0.01198115], [62317.6, 1.1], [62320.47, 0.10835389], [62331.02, 0.07203]], "ts": 1618626562711}
{"bids": [[62292.67, 0.02], [62289.24, 0.02390113], [62289.23, 0.16048759], [62286.16, 0.03210986], [62277.6, 0.025]], "asks": [[62317.58, 0.02], [62317.59, 0.01198115], [62317.6, 1.1], [62320.47, 0.10835389], [62331.02, 0.07203]], "ts": 1618626562711}
{"bids": [[62292.67, 0.02], [62289.24, 0.02390113], [62289.23, 0.16048759], [62286.16, 0.03210986], [62277.6, 0.025]], "asks": [[62317.58, 0.02], [62317.59, 0.01198115], [62317.6, 1.1], [62320.47, 0.10835389], [62331.02, 0.07203]], "ts": 1618626562712}
{"bids": [[62292.67, 0.02], [62289.24, 0.02390113], [62289.23, 0.16048759], [62286.16, 0.03210986], [62277.6, 0.025]], "asks": [[62317.58, 0.02], [62317.59, 0.01198115], [62317.6, 1.1], [62320.47, 0.10835389], [62331.02, 0.07203]], "ts": 1618626562712}
{"bids": [[62292.67, 0.02], [62289.24, 0.02390113], [62289.23, 0.16048759], [62286.16, 0.03210986], [62277.6, 0.025]], "asks": [[62317.58, 0.02], [62317.59, 0.01198115], [62317.6, 1.1], [62320.47, 0.10835389], [62331.02, 0.07203]], "ts": 1618626562712}
{"bids": [[62292.67, 0.02], [62289.24, 0.02390113], [62289.23, 0.16048759], [62286.16, 0.03210986], [62277.6, 0.025]], "asks": [[62317.58, 0.02], [62317.59, 0.01198115], [62317.6, 1.1], [62320.47, 0.10835389], [62331.02, 0.07203]], "ts": 1618626562713}
{"bids": [[62292.67, 0.02], [62289.24, 0.02390113], [62289.23, 0.16048759], [62286.16, 0.03210986], [62277.6, 0.025]], "asks": [[62317.58, 0.02], [62317.59, 0.01198115], [62317.6, 1.1], [62320.47, 0.10835389], [62331.02, 0.07203]], "ts": 1618626562713}
{"bids": [[62292.67, 0.02], [62289.24, 0.02390113], [62289.23, 0.16048759], [62286.16, 0.03210986], [62277.6, 0.025]], "asks": [[62317.58, 0.02], [62317.59, 0.01198115], [62317.6, 1.1], [62320.47, 0.10835389], [62331.02, 0.07203]], "ts": 1618626562714}
{"bids": [[62292.67, 0.02], [62289.24, 0.02390113], [62289.23, 0.16048759], [62286.16, 0.03210986], [62277.6, 0.025]], "asks": [[62317.58, 0.02], [62317.59, 0.01198115], [62317.6, 1.1], [62320.47, 0.10835389], [62331.02, 0.07203]], "ts": 1618626562714}
{"bids": [[62292.67, 0.02], [62289.24, 0.02390113], [62289.23, 0.16048759], [62286.16, 0.03210986], [62277.6, 0.025]], "asks": [[62317.58, 0.02], [62317.59, 0.01198115], [62317.6, 1.1], [62320.47, 0.10835389], [62331.02, 0.07203]], "ts": 1618626562715}
{"bids": [[62295.78, 1.1], [62292.67, 0.02], [62289.24, 0.02390113], [62289.23, 0.16048759], [62286.16, 0.03210986]], "asks": [[62317.58, 0.02], [62317.59, 0.01198115], [62317.6, 1.1], [62320.47, 0.10835389], [62331.02, 0.07203]], "ts": 1618626562715}
{"bids": [[62295.78, 1.1], [62292.67, 0.02], [62289.24, 0.02390113], [62289.23, 0.16048759], [62286.16, 0.03210986]], "asks": [[62317.58, 0.02], [62317.59, 0.01198115], [62317.6, 1.1], [62320.47, 0.10835389], [62331.02, 0.07203]], "ts": 1618626562716}
{"bids": [[62295.79, 0.02390113], [62295.78, 1.1], [62292.67, 0.02], [62289.24, 0.02390113], [62289.23, 0.16048759]], "asks": [[62317.58, 0.02], [62317.59, 0.01198115], [62317.6, 1.1], [62320.47, 0.10835389], [62331.02, 0.07203]], "ts": 1618626562716}
{"bids": [[62295.79, 0.02390113], [62295.78, 1.1], [62292.67, 0.02], [62289.23, 0.16048759]], "asks": [[62317.58, 0.02], [62317.59, 0.01198115], [62317.6, 1.1], [62320.47, 0.10835389], [62331.02, 0.07203]], "ts": 1618626562717}
{"bids": [[62295.79, 0.02390113], [62295.78, 1.1], [62292.67, 0.02], [62289.23, 0.16048759]], "asks": [[62317.58, 0.02], [62317.59, 0.01198115], [62317.6, 1.1], [62320.47, 0.10835389], [62331.02, 0.07203]], "ts": 1618626562717}
{"bids": [[62295.79, 0.02390113], [62295.78, 1.1], [62292.67, 0.02], [62289.23, 0.16048759], [62271.6, 0.08]], "asks": [[62317.58, 0.02], [62317.59, 0.01198115], [62317.6, 1.1], [62320.47, 0.10835389], [62331.02, 0.07203]], "ts": 1618626562717}
{"bids": [[62295.79, 0.02390113], [62295.78, 1.1], [62292.67, 0.02], [62289.23, 0.16048759], [62271.6, 0.08]], "asks": [[62317.58, 0.02], [62317.59, 0.01198115], [62317.6, 1.1], [62320.47, 0.10835389], [62331.02, 0.07203]], "ts": 1618626562718}
{"bids": [[62295.79, 0.02390113], [62295.78, 1.1], [62292.67, 0.02], [62289.23, 0.16048759], [62284.1, 0.10724916]], "asks": [[62317.58, 0.02], [62317.59, 0.01198115], [62317.6, 1.1], [62320.47, 0.10835389], [62331.02, 0.07203]], "ts": 1618626562718}
{"bids": [[62295.79, 0.02390113], [62295.78, 1.1], [62292.67, 0.02], [62289.23, 0.16048759], [62284.1, 0.10724916]], "asks": [[62317.58, 0.02], [62317.59, 0.01198115], [62317.6, 1.1], [62320.47, 0.10835389], [62331.02, 0.07203]], "ts": 1618626562719}
{"bids": [[62295.79, 0.02390113], [62295.78, 1.1], [62292.67, 0.02], [62289.23, 0.16048759], [62284.1, 0.10724916]], "asks": [[62317.58, 0.02], [62317.59, 0.01198115], [62317.6, 1.1], [62320.47, 0.10835389], [62330.42, 0.4139]], "ts": 1618626562719}
{"bids": [[62295.79, 0.02390113], [62295.78, 1.1], [62292.67, 0.02], [62289.23, 0.16048759], [62284.1, 0.10724916]], "asks": [[62317.58, 0.02], [62317.59, 0.01198115], [62317.6, 1.1], [62320.47, 0.10835389], [62330.42, 0.4139]], "ts": 1618626562720}
{"bids": [[62295.79, 0.02390113], [62295.78, 1.1], [62292.67, 0.02], [62289.23, 0.16048759], [62284.1, 0.10724916]], "asks": [[62317.58, 0.02], [62317.59, 0.01198115], [62317.6, 1.1], [62320.47, 0.10835389], [62330.42, 0.4139]], "ts": 1618626562720}
{"bids": [[62295.79, 0.02390113], [62295.78, 1.1], [62292.67, 0.02], [62289.23, 0.16048759], [62284.1, 0.10724916]], "asks": [[62317.58, 0.02], [62317.59, 0.01198115], [62317.6, 1.1], [62320.47, 0.10835389], [62330.42, 0.4139]], "ts": 1618626562720}
{"bids": [[62295.79, 0.02390113], [62295.78, 1.1], [62292.67, 0.02], [62289.23, 0.16048759], [62284.1, 0.10724916]], "asks": [[62317.58, 0.02], [62317.59, 0.01198115], [62317.6, 1.1], [62320.47, 0.10835389], [62330.42, 0.4139]], "ts": 1618626562721}
{"bids": [[62295.79, 0.02390113], [62295.78, 1.1], [62292.67, 0.02], [62289.23, 0.16048759], [62284.1, 0.10724916]], "asks": [[62317.58, 0.02], [62317.59, 0.01198115], [62317.6, 1.1], [62320.47, 0.10835389], [62330.42, 0.4139]], "ts": 1618626562721}
{"bids": [[62295.79, 0.02390113], [62295.78, 1.1], [62292.67, 0.02], [62289.23, 0.16048759], [62284.1, 0.10724916]], "asks": [[62317.58, 0.02], [62317.59, 0.01198115], [62317.6, 1.1], [62320.47, 0.10835389], [62330.42, 0.4139]], "ts": 1618626562722}
{"bids": [[62295.79, 0.02390113], [62295.78, 1.1], [62292.67, 0.02], [62289.23, 0.16048759], [62284.1, 0.10724916]], "asks": [[62317.58, 0.02], [62317.59, 0.01198115], [62317.6, 1.1], [62320.47, 0.10835389], [62330.42, 0.4139]], "ts": 1618626562722}
{"bids": [[62295.79, 0.02390113], [62295.78, 1.1], [62292.67, 0.02], [62289.23, 0.16048759], [62284.1, 0.10724916]], "asks": [[62317.58, 0.02], [62317.59, 0.01198115], [62317.6, 1.1], [62320.47, 0.10835389], [62330.42, 0.4139]], "ts": 1618626562723}
{"bids": [[62295.79, 0.02390113], [62295.78, 1.1], [62292.67, 0.02], [62289.23, 0.16048759], [62284.1, 0.10724916]], "asks": [[62317.58, 0.02], [62317.59, 0.01198115], [62317.6, 1.1], [62320.47, 0.10835389], [62330.42, 0.4139]], "ts": 1618626562724}
{"bids": [[62295.79, 0.02390113], [62295.78, 1.1], [62292.67, 0.02], [62289.23, 0.16048759], [62284.1, 0.10724916]], "asks": [[62317.58, 0.02], [62317.59, 0.01198115], [62317.6, 1.1], [62320.47, 0.10835389], [62330.42, 0.4139]], "ts": 1618626562724}
{"bids": [[62295.79, 0.02390113], [62295.78, 1.1], [62292.67, 0.02], [62289.23, 0.16048759], [62284.1, 0.10724916]], "asks": [[62317.58, 0.02], [62317.6, 1.1], [62320.47, 0.10835389], [62330.42, 0.4139]], "ts": 1618626562725}
{"bids": [[62295.79, 0.02390113], [62295.78, 1.1], [62292.67, 0.02], [62289.23, 0.16048759], [62284.1, 0.10724916]], "asks": [[62317.58, 0.02], [62317.6, 1.1], [62320.47, 0.10835389], [62330.42, 0.4139], [62385.21, 0.15125777]], "ts": 1618626562725}
{"bids": [[62295.79, 0.02390113], [62295.78, 1.1], [62292.67, 0.02], [62289.23, 0.16048759], [62284.1, 0.10724916]], "asks": [[62317.58, 0.02], [62317.6, 1.1], [62320.47, 0.10835389], [62330.42, 0.4139], [62385.21, 0.15125777]], "ts": 1618626562726}
{"bids": [[62295.79, 0.02390113], [62295.78, 1.1], [62292.67, 0.02], [62284.1, 0.10724916]], "asks": [[62317.58, 0.02], [62317.6, 1.1], [62320.47, 0.10835389], [62330.42, 0.4139], [62385.21, 0.15125777]], "ts": 1618626562726}
{"bids": [[62295.79, 0.02390113], [62295.78, 1.1], [62292.67, 0.02], [62284.1, 0.10724916]], "asks": [[62317.58, 0.02], [62317.6, 1.1], [62320.47, 0.10835389], [62330.42, 0.4139], [62385.21, 0.15125777]], "ts": 1618626562727}
{"bids": [[62295.79, 0.02390113], [62295.78, 1.1], [62292.67, 0.02], [62284.1, 0.10724916]], "asks": [[62317.58, 0.02], [62317.6, 1.1], [62320.47, 0.10835389], [62330.42, 0.4139], [62346.37, 0.16048082]], "ts": 1618626562728}
{"bids": [[62295.79, 0.02390113], [62295.78, 1.1], [62292.67, 0.02], [62292.15, 0.16048082], [62284.1, 0.10724916]], "asks": [[62317.58, 0.02], [62317.6, 1.1], [62320.47, 0.10835389], [62330.42, 0.4139], [62346.37, 0.16048082]], "ts": 1618626562728}
{"bids": [[62295.79, 0.02390113], [62295.78, 1.1], [62292.67, 0.02], [62292.15, 0.16048082], [62284.1, 0.10724916]], "asks": [[62317.58, 0.02], [62317.6, 1.1], [62320.47, 0.10835389], [62346.37, 0.16048082]], "ts": 1618626562728}
{"bids": [[62295.79, 0.02390113], [62295.78, 1.1], [62292.67, 0.02], [62292.15, 0.16048082], [62284.1, 0.10724916]], "asks": [[62317.58, 0.02], [62317.6, 1.1], [62320.47, 0.10835389], [62333.62, 0.4149], [62346.37, 0.16048082]], "ts": 1618626562729}
{"bids": [[62295.79, 0.02390113], [62295.78, 1.1], [62292.67, 0.02], [62292.15, 0.16048082], [62284.1, 0.10724916]], "asks": [[62317.58, 0.0198674], [62317.6, 1.1], [62320.47, 0.10835389], [62333.62, 0.4149], [62346.37, 0.16048082]], "ts": 1618626562729}
{"bids": [[62295.79, 0.02390113], [62292.67, 0.02], [62292.15, 0.16048082], [62284.1, 0.10724916]], "asks": [[62317.58, 0.0198674], [62317.6, 1.1], [62320.47, 0.10835389], [62333.62, 0.4149], [62346.37, 0.16048082]], "ts": 1618626562801}
{"bids": [[62295.79, 0.02390113], [62292.67, 0.02], [62292.15, 0.16048082], [62284.1, 0.10724916]], "asks": [[62317.58, 0.0198674], [62317.6, 1.1], [62320.47, 0.10835389], [62333.62, 0.4149], [62346.37, 0.16048082]], "ts": 1618626562814}
{"bids": [[62295.79, 0.02390113], [62292.67, 0.02], [62292.15, 0.16048082], [62284.11, 0.025], [62284.1, 0.10724916]], "asks": [[62317.58, 0.0198674], [62317.6, 1.1], [62320.47, 0.10835389], [62333.62, 0.4149], [62346.37, 0.16048082]], "ts": 1618626562816}
{"bids": [[62295.79, 0.02390113], [62292.67, 0.02], [62292.15, 0.16048082], [62284.11, 0.025], [62284.1, 0.10724916]], "asks": [[62317.58, 0.0198674], [62317.6, 1.1], [62320.47, 0.10835389], [62333.62, 0.4149], [62346.37, 0.16048082]], "ts": 1618626562818}
{"bids": [[62295.79, 0.02390113], [62292.67, 0.02], [62292.15, 0.16048082], [62284.11, 0.025], [62284.1, 0.10724916]], "asks": [[62317.58, 0.0198674], [62317.6, 1.1], [62320.47, 0.10835389], [62333.62, 0.4149], [62346.37, 0.16048082]], "ts": 1618626562820}
{"bids": [[62295.79, 0.02390113], [62292.67, 0.02], [62292.15, 0.16048082], [62284.11, 0.025], [62284.1, 0.10724916]], "asks": [[62317.58, 0.0198674], [62317.6, 1.1], [62320.47, 0.10835389], [62333.62, 0.4149], [62346.37, 0.16048082]], "ts": 1618626562828}
{"bids": [[62295.79, 0.02390113], [62292.67, 0.02], [62292.15, 0.16048082], [62284.11, 0.025], [62284.1, 0.10724916]], "asks": [[62317.58, 0.0198674], [62317.6, 1.1], [62320.47, 0.10835389], [62333.62, 0.4149], [62346.37, 0.16048082]], "ts": 1618626562830}
{"bids": [[62295.79, 0.02390113], [62292.67, 0.02], [62292.15, 0.16048082], [62284.11, 0.025], [62284.1, 0.10724916]], "asks": [[62317.58, 0.0198674], [62317.6, 1.1], [62320.47, 0.10835389], [62333.62, 0.4149], [62346.37, 0.16048082]], "ts": 1618626562832}
{"bids": [[62295.79, 0.02390113], [62292.67, 0.02], [62292.15, 0.16048082], [62284.11, 0.025], [62284.1, 0.10724916]], "asks": [[62317.58, 0.0198674], [62317.6, 1.1], [62320.47, 0.10835389], [62333.62, 0.4149], [62346.37, 0.16048082]], "ts": 1618626562834}
{"bids": [[62295.79, 0.02390113], [62292.67, 0.02], [62292.15, 0.16048082], [62284.11, 0.025], [62284.1, 0.10724916]], "asks": [[62317.58, 0.0198674], [62317.6, 1.1], [62320.47, 0.10835389], [62333.62, 0.4149], [62346.37, 0.16048082]], "ts": 1618626562835}
{"bids": [[62295.79, 0.02390113], [62292.67, 0.02], [62292.15, 0.16048082], [62284.11, 0.025], [62284.1, 0.10724916]], "asks": [[62317.58, 0.0198674], [62317.6, 1.1], [62320.47, 0.10835389], [62333.62, 0.4149], [62346.37, 0.16048082]], "ts": 1618626562837}
{"bids": [[62295.79, 0.02390113], [62292.67, 0.02], [62292.15, 0.16048082], [62284.11, 0.025], [62284.1, 0.10724916]], "asks": [[62317.58, 0.0198674], [62317.6, 1.1], [62320.47, 0.10835389], [62333.62, 0.4149], [62346.37, 0.16048082]], "ts": 1618626562838}
{"bids": [[62295.79, 0.02390113], [62292.67, 0.02], [62292.15, 0.16048082], [62284.11, 0.025], [62284.1, 0.10724916]], "asks": [[62317.58, 0.0198674], [62317.6, 1.1], [62320.47, 0.10835389], [62333.62, 0.4149], [62346.37, 0.16048082]], "ts": 1618626562839}
{"bids": [[62295.79, 0.02390113], [62292.67, 0.02], [62292.15, 0.16048082], [62284.11, 0.025], [62284.1, 0.10724916]], "asks": [[62317.58, 0.0198674], [62317.6, 1.1], [62320.47, 0.10835389], [62333.62, 0.4149], [62346.37, 0.16048082]], "ts": 1618626562840}
{"bids": [[62295.79, 0.02390113], [62292.67, 0.02], [62292.15, 0.16048082], [62284.11, 0.025], [62284.1, 0.10724916]], "asks": [[62317.58, 0.0198674], [62317.6, 1.1], [62320.47, 0.10835389], [62333.62, 0.4149], [62346.37, 0.16048082]], "ts": 1618626562841}
{"bids": [[62295.79, 0.02390113], [62292.67, 0.02], [62292.15, 0.16048082], [62284.11, 0.025], [62284.1, 0.10724916]], "asks": [[62317.58, 0.0198674], [62317.6, 1.1], [62320.47, 0.10835389], [62333.62, 0.4149], [62346.37, 0.16048082]], "ts": 1618626562849}
{"bids": [[62295.79, 0.02390113], [62292.67, 0.02], [62292.15, 0.16048082], [62284.11, 0.025], [62284.1, 0.10724916]], "asks": [[62317.58, 0.0198674], [62317.6, 1.1], [62320.47, 0.10835389], [62333.62, 0.4149], [62346.37, 0.16048082]], "ts": 1618626562850}
{"bids": [[62295.79, 0.02390113], [62292.67, 0.02], [62292.15, 0.16048082], [62284.11, 0.025], [62284.1, 0.10724916]], "asks": [[62317.58, 0.0198674], [62317.6, 1.1], [62320.47, 0.10835389], [62333.62, 0.4149], [62346.37, 0.16048082]], "ts": 1618626562851}
{"bids": [[62295.79, 0.02390113], [62292.67, 0.02], [62292.15, 0.16048082], [62284.11, 0.025], [62284.1, 0.10724916]], "asks": [[62317.58, 0.0198674], [62317.6, 1.1], [62320.47, 0.10835389], [62333.62, 0.4149], [62346.37, 0.16048082]], "ts": 1618626562852}
{"bids": [[62295.79, 0.02390113], [62292.67, 0.02], [62292.15, 0.16048082], [62284.11, 0.025], [62284.1, 0.10724916]], "asks": [[62317.58, 0.0198674], [62317.6, 1.1], [62320.47, 0.10835389], [62333.62, 0.4149], [62346.37, 0.16048082]], "ts": 1618626562853}
{"bids": [[62295.79, 0.02390113], [62292.67, 0.02], [62292.15, 0.16048082], [62284.11, 0.025], [62284.1, 0.10724916]], "asks": [[62317.58, 0.0198674], [62317.6, 1.1], [62320.47, 0.10835389], [62333.62, 0.4149], [62346.37, 0.16048082]], "ts": 1618626562854}
{"bids": [[62295.79, 0.02390113], [62292.67, 0.02], [62292.15, 0.16048082], [62284.11, 0.025], [62284.1, 0.10724916]], "asks": [[62317.58, 0.0198674], [62317.6, 1.1], [62320.47, 0.10835389], [62333.62, 0.4149], [62346.37, 0.16048082]], "ts": 1618626562855}
{"bids": [[62295.79, 0.02390113], [62292.67, 0.02], [62292.15, 0.16048082], [62284.11, 0.025], [62284.1, 0.10724916]], "asks": [[62317.58, 0.0198674], [62317.6, 1.1], [62320.47, 0.10835389], [62333.62, 0.4149], [62346.37, 0.16048082]], "ts": 1618626562855}
{"bids": [[62295.79, 0.02390113], [62292.67, 0.02], [62292.15, 0.16048082], [62284.11, 0.025], [62284.1, 0.10724916]], "asks": [[62317.58, 0.0198674], [62317.6, 1.1], [62320.47, 0.10835389], [62333.62, 0.4149], [62346.37, 0.16048082]], "ts": 1618626562856}
{"bids": [[62295.79, 0.02390113], [62292.67, 0.02], [62292.15, 0.16048082], [62284.11, 0.025], [62284.1, 0.10724916]], "asks": [[62317.58, 0.0198674], [62317.6, 1.1], [62320.47, 0.10835389], [62333.62, 0.4149], [62346.37, 0.16048082]], "ts": 1618626562859}
{"bids": [[62295.79, 0.02390113], [62292.67, 0.02], [62292.15, 0.16048082], [62284.11, 0.025], [62284.1, 0.10724916]], "asks": [[62317.58, 0.0198674], [62317.6, 1.1], [62320.47, 0.10835389], [62333.62, 0.4149], [62346.37, 0.16048082]], "ts": 1618626562860}
{"bids": [[62295.79, 0.02390113], [62292.67, 0.02], [62292.15, 0.16048082], [62284.11, 0.025], [62284.1, 0.10724916]], "asks": [[62317.58, 0.0198674], [62317.6, 1.1], [62320.47, 0.10835389], [62333.62, 0.4149], [62346.37, 0.16048082]], "ts": 1618626562862}
{"bids": [[62295.79, 0.02390113], [62292.67, 0.02], [62292.15, 0.16048082], [62284.11, 0.025], [62284.1, 0.10724916]], "asks": [[62317.58, 0.0198674], [62317.6, 1.1], [62320.47, 0.10835389], [62333.62, 0.4149], [62346.37, 0.16048082]], "ts": 1618626562864}
{"bids": [[62295.79, 0.02390113], [62292.67, 0.02], [62292.15, 0.16048082], [62284.11, 0.025], [62284.1, 0.10724916]], "asks": [[62317.58, 0.0198674], [62317.6, 1.1], [62320.47, 0.10835389], [62333.62, 0.4149], [62346.37, 0.16048082]], "ts": 1618626562872}
{"bids": [[62295.79, 0.02390113], [62292.67, 0.02], [62292.15, 0.16048082], [62284.11, 0.025], [62284.1, 0.10724916]], "asks": [[62317.58, 0.0198674], [62317.6, 1.1], [62320.47, 0.10835389], [62333.62, 0.4149], [62346.37, 0.16048082]], "ts": 1618626562873}
{"bids": [[62295.79, 0.02390113], [62292.67, 0.02], [62292.15, 0.16048082], [62284.11, 0.025], [62284.1, 0.10724916]], "asks": [[62317.58, 0.0198674], [62317.6, 1.1], [62320.47, 0.10835389], [62333.62, 0.4149], [62346.37, 0.16048082]], "ts": 1618626562883}
{"bids": [[62295.79, 0.02390113], [62292.67, 0.02], [62292.15, 0.16048082], [62284.11, 0.025], [62284.1, 0.10724916]], "asks": [[62317.58, 0.0198674], [62317.6, 1.1], [62320.47, 0.10835389], [62333.62, 0.4149], [62346.37, 0.16048082]], "ts": 1618626562883}
{"bids": [[62295.79, 0.02390113], [62292.67, 0.02], [62292.15, 0.16048082], [62284.11, 0.025], [62284.1, 0.10724916]], "asks": [[62317.58, 0.0198674], [62317.6, 1.1], [62320.47, 0.10835389], [62333.62, 0.4149], [62346.37, 0.16048082]], "ts": 1618626562890}
{"bids": [[62295.79, 0.02390113], [62292.67, 0.02], [62292.15, 0.16048082], [62284.11, 0.025], [62284.1, 0.10724916]], "asks": [[62317.58, 0.0198674], [62317.6, 1.1], [62320.47, 0.10835389], [62333.62, 0.4149], [62346.37, 0.16048082]], "ts": 1618626562890}
{"bids": [[62295.79, 0.02390113], [62292.67, 0.02], [62292.15, 0.16048082], [62284.11, 0.025], [62284.1, 0.10724916]], "asks": [[62317.58, 0.0198674], [62317.6, 1.1], [62320.47, 0.10835389], [62333.62, 0.4149], [62346.37, 0.16048082]], "ts": 1618626562898}
{"bids": [[62295.79, 0.02390113], [62292.67, 0.02], [62292.15, 0.16048082], [62284.11, 0.025], [62284.1, 0.10724916]], "asks": [[62317.58, 0.0198674], [62317.6, 1.1], [62320.47, 0.10835389], [62333.62, 0.4149], [62346.37, 0.16048082]], "ts": 1618626562899}
{"bids": [[62295.79, 0.02390113], [62292.67, 0.02], [62292.15, 0.16048082], [62284.11, 0.025], [62284.1, 0.10724916]], "asks": [[62317.58, 0.0198674], [62317.6, 1.1], [62320.47, 0.10835389], [62333.62, 0.4149], [62346.37, 0.16048082]], "ts": 1618626562906}
{"bids": [[62295.79, 0.02390113], [62292.67, 0.02], [62292.15, 0.16048082], [62284.11, 0.025], [62284.1, 0.10724916]], "asks": [[62317.58, 0.0198674], [62317.6, 1.1], [62320.47, 0.10835389], [62333.62, 0.4149], [62346.37, 0.16048082]], "ts": 1618626562910}
{"bids": [[62295.79, 0.02390113], [62292.67, 0.02], [62292.15, 0.16048082], [62284.11, 0.025], [62284.1, 0.10724916]], "asks": [[62317.58, 0.0198674], [62317.6, 1.1], [62320.47, 0.10835389], [62333.62, 0.4149], [62346.37, 0.16048082]], "ts": 1618626562916}
{"bids": [[62295.79, 0.02390113], [62292.67, 0.02], [62292.15, 0.16048082], [62284.11, 0.025], [62284.1, 0.10724916]], "asks": [[62317.58, 0.0198674], [62317.6, 1.1], [62320.47, 0.10835389], [62333.62, 0.4149], [62346.37, 0.16048082]], "ts": 1618626562917}
{"bids": [[62295.79, 0.02390113], [62292.67, 0.02], [62292.15, 0.16048082], [62284.11, 0.025], [62284.1, 0.10724916]], "asks": [[62317.58, 0.0198674], [62317.6, 1.1], [62320.47, 0.10835389], [62346.37, 0.16048082]], "ts": 1618626562921}
{"bids": [[62295.79, 0.02390113], [62292.67, 0.02], [62292.15, 0.16048082], [62284.11, 0.025], [62284.1, 0.10724916]], "asks": [[62317.58, 0.0198674], [62317.6, 1.1], [62320.47, 0.10835389], [62346.37, 0.16048082]], "ts": 1618626562928}
{"bids": [[62295.79, 0.02390113], [62292.67, 0.02], [62292.15, 0.16048082], [62284.11, 0.025], [62284.1, 0.10724916]], "asks": [[62317.58, 0.0198674], [62317.6, 1.1], [62320.47, 0.10835389], [62346.37, 0.16048082]], "ts": 1618626562928}
{"bids": [[62295.79, 0.02390113], [62292.67, 0.02], [62292.15, 0.16048082], [62284.11, 0.025], [62284.1, 0.10724916]], "asks": [[62317.58, 0.0198674], [62317.6, 1.1], [62320.47, 0.10835389], [62327.82, 0.4129], [62346.37, 0.16048082]], "ts": 1618626562929}
{"bids": [[62295.79, 0.02390113], [62292.67, 0.02], [62292.15, 0.16048082], [62284.11, 0.025], [62284.1, 0.10724916]], "asks": [[62317.58, 0.0198674], [62317.6, 1.1], [62320.47, 0.10835389], [62327.82, 0.4129], [62346.37, 0.16048082]], "ts": 1618626562933}
{"bids": [[62295.79, 0.02390113], [62292.67, 0.02], [62292.15, 0.16048082], [62284.11, 0.025], [62284.1, 0.10724916]], "asks": [[62317.58, 0.0198674], [62317.6, 1.1], [62320.47, 0.10835389], [62327.82, 0.4129], [62346.37, 0.16048082]], "ts": 1618626562935}
{"bids": [[62295.79, 0.02390113], [62292.67, 0.02], [62292.15, 0.16048082], [62284.11, 0.025], [62284.1, 0.10724916]], "asks": [[62317.58, 0.0198674], [62317.6, 1.1], [62320.47, 0.10835389], [62327.82, 0.4129], [62346.37, 0.16048082]], "ts": 1618626562943}
{"bids": [[62295.79, 0.02390113], [62292.67, 0.02], [62292.15, 0.16048082], [62284.11, 0.025], [62284.1, 0.10724916]], "asks": [[62317.58, 0.0198674], [62317.6, 1.1], [62320.47, 0.10835389], [62327.82, 0.4129], [62346.37, 0.16048082]], "ts": 1618626562944}
{"bids": [[62295.79, 0.02390113], [62292.67, 0.02], [62292.15, 0.16048082], [62284.11, 0.025], [62284.1, 0.10724916]], "asks": [[62317.58, 0.0198674], [62317.6, 1.1], [62320.47, 0.10835389], [62327.82, 0.4129], [62346.37, 0.16048082]], "ts": 1618626562952}
{"bids": [[62295.79, 0.02390113], [62292.67, 0.02], [62292.15, 0.16048082], [62284.11, 0.025], [62284.1, 0.10724916]], "asks": [[62317.58, 0.0198674], [62317.6, 1.1], [62320.47, 0.10835389], [62327.82, 0.4129], [62346.37, 0.16048082]], "ts": 1618626562953}
{"bids": [[62295.79, 0.02390113], [62292.67, 0.02], [62292.15, 0.16048082], [62284.11, 0.025], [62284.1, 0.10724916]], "asks": [[62317.58, 0.0198674], [62317.6, 1.1], [62320.47, 0.10835389], [62327.82, 0.4129], [62346.37, 0.16048082]], "ts": 1618626562963}
{"bids": [[62295.79, 0.02390113], [62292.67, 0.02], [62292.15, 0.16048082], [62284.11, 0.025], [62284.1, 0.10724916]], "asks": [[62317.58, 0.0198674], [62317.6, 1.1], [62320.47, 0.10835389], [62327.82, 0.4129], [62346.37, 0.16048082]], "ts": 1618626562963}
{"bids": [[62295.79, 0.02390113], [62292.67, 0.02], [62292.15, 0.16048082], [62284.11, 0.025], [62284.1, 0.10724916]], "asks": [[62317.58, 0.0198674], [62317.6, 1.1], [62320.47, 0.10835389], [62327.82, 0.4129], [62346.37, 0.16048082]], "ts": 1618626562968}
{"bids": [[62295.79, 0.02390113], [62292.67, 0.02], [62292.15, 0.16048082], [62284.11, 0.025], [62284.1, 0.10724916]], "asks": [[62317.58, 0.0198674], [62317.6, 1.1], [62320.47, 0.10835389], [62327.82, 0.4129], [62346.37, 0.16048082]], "ts": 1618626562971}
{"bids": [[62295.79, 0.02390113], [62292.67, 0.02], [62292.15, 0.16048082], [62284.11, 0.025], [62284.1, 0.10724916]], "asks": [[62317.58, 0.0198674], [62317.6, 1.1], [62320.47, 0.10835389], [62327.82, 0.4129], [62346.37, 0.16048082]], "ts": 1618626562982}
{"bids": [[62295.79, 0.02390113], [62292.67, 0.02], [62292.15, 0.16048082], [62284.11, 0.025], [62284.1, 0.10724916]], "asks": [[62317.58, 0.0198674], [62317.6, 1.1], [62320.47, 0.10835389], [62327.82, 0.4129], [62346.37, 0.16048082]], "ts": 1618626562983}
{"bids": [[62295.79, 0.02390113], [62292.67, 0.02], [62292.15, 0.16048082], [62284.11, 0.025], [62284.1, 0.10724916]], "asks": [[62317.58, 0.0198674], [62317.6, 1.1], [62320.47, 0.10835389], [62327.82, 0.4129], [62346.37, 0.16048082]], "ts": 1618626562988}
{"bids": [[62295.79, 0.02390113], [62292.67, 0.02], [62292.15, 0.16048082], [62284.11, 0.025], [62284.1, 0.10724916]], "asks": [[62317.58, 0.0198674], [62317.6, 1.1], [62320.47, 0.10835389], [62327.82, 0.4129], [62346.37, 0.16048082]], "ts": 1618626562988}
{"bids": [[62295.79, 0.02390113], [62292.67, 0.02], [62292.15, 0.16048082], [62284.11, 0.025], [62284.1, 0.10724916]], "asks": [[62317.58, 0.0198674], [62317.6, 1.1], [62320.47, 0.10835389], [62327.82, 0.4129], [62346.37, 0.16048082]], "ts": 1618626562996}
{"bids": [[62295.79, 0.02390113], [62292.67, 0.02], [62292.15, 0.16048082], [62284.11, 0.025], [62284.1, 0.10724916]], "asks": [[62317.58, 0.0198674], [62317.6, 1.1], [62320.47, 0.10835389], [62327.82, 0.4129], [62346.37, 0.16048082]], "ts": 1618626562997}
{"bids": [[62295.79, 0.02390113], [62292.67, 0.02], [62292.15, 0.16048082], [62284.11, 0.025], [62284.1, 0.10724916]], "asks": [[62317.58, 0.0198674], [62317.6, 1.1], [62320.47, 0.10835389], [62327.82, 0.4129], [62346.37, 0.16048082]], "ts": 1618626563010}
{"bids": [[62295.79, 0.02390113], [62292.67, 0.02], [62292.15, 0.16048082], [62284.11, 0.025], [62284.1, 0.10724916]], "asks": [[62317.58, 0.0198674], [62317.6, 1.1], [62320.47, 0.10835389], [62327.82, 0.4129], [62346.37, 0.16048082]], "ts": 1618626563010}
{"bids": [[62295.79, 0.02390113], [62292.67, 0.02], [62292.15, 0.16048082], [62284.11, 0.025], [62284.1, 0.10724916]], "asks": [[62317.58, 0.0198674], [62317.6, 1.1], [62320.47, 0.10835389], [62327.82, 0.4129], [62346.37, 0.16048082]], "ts": 1618626563014}
{"bids": [[62295.79, 0.02390113], [62292.67, 0.02], [62292.15, 0.16048082], [62284.11, 0.025], [62284.1, 0.10724916]], "asks": [[62317.58, 0.0198674], [62317.6, 1.1], [62320.47, 0.10835389], [62327.82, 0.4129], [62346.37, 0.16048082]], "ts": 1618626563015}
{"bids": [[62295.79, 0.02390113], [62292.67, 0.02], [62292.15, 0.16048082], [62284.11, 0.025], [62284.1, 0.10724916]], "asks": [[62317.58, 0.0198674], [62317.6, 1.1], [62320.47, 0.10835389], [62327.82, 0.4129], [62346.37, 0.16048082]], "ts": 1618626563030}
{"bids": [[62295.79, 0.02390113], [62292.67, 0.02], [62292.15, 0.16048082], [62284.11, 0.025], [62284.1, 0.10724916]], "asks": [[62317.58, 0.0198674], [62317.6, 1.1], [62320.47, 0.10835389], [62327.82, 0.4129], [62346.37, 0.16048082]], "ts": 1618626563030}
{"bids": [[62295.79, 0.02390113], [62292.67, 0.02], [62292.15, 0.16048082], [62284.11, 0.025], [62284.1, 0.10724916]], "asks": [[62317.58, 0.0198674], [62317.6, 1.1], [62320.47, 0.10835389], [62327.82, 0.4129], [62346.37, 0.16048082]], "ts": 1618626563035}
{"bids": [[62295.79, 0.02390113], [62292.67, 0.02], [62292.15, 0.16048082], [62284.11, 0.025], [62284.1, 0.10724916]], "asks": [[62317.58, 0.0198674], [62317.6, 1.1], [62320.47, 0.10835389], [62327.82, 0.4129], [62346.37, 0.16048082]], "ts": 1618626563037}
{"bids": [[62295.79, 0.02390113], [62292.67, 0.02], [62292.15, 0.16048082], [62284.11, 0.025], [62284.1, 0.10724916]], "asks": [[62317.58, 0.0198674], [62317.6, 1.1], [62320.47, 0.10835389], [62327.82, 0.4129], [62346.37, 0.16048082]], "ts": 1618626563045}
{"bids": [[62295.79, 0.02390113], [62292.67, 0.02], [62292.15, 0.16048082], [62284.11, 0.025], [62284.1, 0.10724916]], "asks": [[62317.58, 0.0198674], [62317.6, 1.1], [62320.47, 0.10835389], [62327.82, 0.4129], [62346.37, 0.16048082]], "ts": 1618626563047}
{"bids": [[62295.79, 0.02390113], [62292.67, 0.02], [62292.15, 0.16048082], [62284.11, 0.025], [62284.1, 0.10724916]], "asks": [[62317.58, 0.0198674], [62317.6, 1.1], [62320.47, 0.10835389], [62327.82, 0.4129], [62346.37, 0.16048082]], "ts": 1618626563052}
{"bids": [[62295.79, 0.02390113], [62292.67, 0.02], [62292.15, 0.16048082], [62284.11, 0.025], [62284.1, 0.10724916]], "asks": [[62317.58, 0.0198674], [62317.6, 1.1], [62320.47, 0.10835389], [62327.82, 0.4129], [62346.37, 0.16048082]], "ts": 1618626563053}
{"bids": [[62295.79, 0.02390113], [62292.67, 0.02], [62292.15, 0.16048082], [62284.11, 0.025], [62284.1, 0.10724916]], "asks": [[62317.58, 0.0198674], [62317.6, 1.1], [62320.47, 0.10835389], [62327.82, 0.4129], [62346.37, 0.16048082]], "ts": 1618626563061}
{"bids": [[62295.79, 0.02390113], [62292.67, 0.02], [62292.15, 0.16048082], [62284.11, 0.025], [62284.1, 0.10724916]], "asks": [[62317.58, 0.0198674], [62317.6, 1.1], [62320.47, 0.10835389], [62327.82, 0.4129], [62346.37, 0.16048082]], "ts": 1618626563061}
{"bids": [[62295.79, 0.02390113], [62292.67, 0.02], [62292.15, 0.16048082], [62284.11, 0.025], [62284.1, 0.10724916]], "asks": [[62317.58, 0.0198674], [62317.6, 1.1], [62320.47, 0.10835389], [62327.82, 0.4129], [62346.37, 0.16048082]], "ts": 1618626563071}
{"bids": [[62295.79, 0.02390113], [62292.67, 0.02], [62292.15, 0.16048082], [62284.11, 0.025], [62284.1, 0.10724916]], "asks": [[62317.58, 0.0198674], [62317.6, 1.1], [62320.47, 0.10835389], [62327.82, 0.4129], [62346.37, 0.16048082]], "ts": 1618626563071}
{"bids": [[62295.79, 0.02390113], [62292.67, 0.02], [62292.15, 0.16048082], [62284.11, 0.025], [62284.1, 0.10724916]], "asks": [[62317.58, 0.0198674], [62317.6, 1.1], [62320.47, 0.10835389], [62327.82, 0.4129], [62346.37, 0.16048082]], "ts": 1618626563079}
{"bids": [[62295.79, 0.02390113], [62292.67, 0.02], [62292.15, 0.16048082], [62284.11, 0.025], [62284.1, 0.10724916]], "asks": [[62317.58, 0.0198674], [62317.6, 1.1], [62320.47, 0.10835389], [62327.82, 0.4129], [62346.37, 0.16048082]], "ts": 1618626563079}
{"bids": [[62295.79, 0.02390113], [62292.67, 0.02], [62292.15, 0.16048082], [62284.11, 0.025], [62284.1, 0.10724916]], "asks": [[62317.58, 0.0198674], [62317.6, 1.1], [62320.47, 0.10835389], [62327.82, 0.4129], [62346.37, 0.16048082]], "ts": 1618626563080}
{"bids": [[62295.79, 0.02390113], [62292.67, 0.02], [62292.15, 0.16048082], [62284.11, 0.025], [62284.1, 0.10724916]], "asks": [[62317.58, 0.0198674], [62317.6, 1.1], [62320.47, 0.10835389], [62327.82, 0.4129], [62346.37, 0.16048082]], "ts": 1618626563090}
{"bids": [[62295.79, 0.02390113], [62292.67, 0.02], [62292.15, 0.16048082], [62284.11, 0.025], [62284.1, 0.10724916]], "asks": [[62317.58, 0.0198674], [62317.6, 1.1], [62320.47, 0.10835389], [62327.82, 0.4129], [62346.37, 0.16048082]], "ts": 1618626563094}
{"bids": [[62295.79, 0.02390113], [62292.67, 0.02], [62292.15, 0.16048082], [62284.11, 0.025], [62284.1, 0.10724916]], "asks": [[62317.58, 0.0198674], [62317.6, 1.1], [62320.47, 0.10835389], [62327.82, 0.4129], [62346.37, 0.16048082]], "ts": 1618626563102}
{"bids": [[62295.79, 0.02390113], [62292.67, 0.02], [62292.15, 0.16048082], [62284.11, 0.025], [62284.1, 0.10724916]], "asks": [[62317.58, 0.0198674], [62317.6, 1.1], [62320.47, 0.10835389], [62327.82, 0.4129], [62346.37, 0.16048082]], "ts": 1618626563104}
{"bids": [[62295.79, 0.02390113], [62292.67, 0.02], [62292.15, 0.16048082], [62284.11, 0.025], [62284.1, 0.10724916]], "asks": [[62317.58, 0.0198674], [62317.6, 1.1], [62320.47, 0.10835389], [62327.82, 0.4129], [62346.37, 0.16048082]], "ts": 1618626563105}
{"bids": [[62295.79, 0.02390113], [62292.67, 0.02], [62292.15, 0.16048082], [62284.11, 0.025], [62284.1, 0.10724916]], "asks": [[62317.58, 0.0198674], [62317.6, 1.1], [62320.47, 0.10835389], [62327.82, 0.4129], [62346.37, 0.16048082]], "ts": 1618626563107}
{"bids": [[62295.79, 0.02390113], [62292.67, 0.02], [62292.15, 0.16048082], [62284.11, 0.025], [62284.1, 0.10724916]], "asks": [[62317.58, 0.0198674], [62317.6, 1.1], [62320.47, 0.10835389], [62327.82, 0.4129], [62346.37, 0.16048082]], "ts": 1618626563121}
{"bids": [[62295.79, 0.02390113], [62292.67, 0.02], [62292.15, 0.16048082], [62284.11, 0.025], [62284.1, 0.10724916]], "asks": [[62317.58, 0.0198674], [62317.6, 1.1], [62320.47, 0.10835389], [62327.82, 0.4129], [62346.37, 0.16048082]], "ts": 1618626563122}
{"bids": [[62295.79, 0.02390113], [62292.67, 0.02], [62292.15, 0.16048082], [62284.11, 0.025], [62284.1, 0.10724916]], "asks": [[62317.58, 0.0198674], [62317.6, 1.1], [62320.47, 0.10835389], [62327.82, 0.4129], [62346.37, 0.16048082]], "ts": 1618626563125}
{"bids": [[62295.79, 0.02390113], [62292.67, 0.02], [62292.15, 0.16048082], [62284.11, 0.025], [62284.1, 0.10724916]], "asks": [[62317.58, 0.0198674], [62317.6, 1.1], [62320.47, 0.10835389], [62327.82, 0.4129], [62346.37, 0.16048082]], "ts": 1618626563127}
{"bids": [[62295.79, 0.02390113], [62292.67, 0.02], [62292.15, 0.16048082], [62284.11, 0.025], [62284.1, 0.10724916]], "asks": [[62317.58, 0.0198674], [62317.6, 1.1], [62320.47, 0.10835389], [62327.82, 0.4129], [62346.37, 0.16048082]], "ts": 1618626563135}
{"bids": [[62295.79, 0.02390113], [62292.67, 0.02], [62292.15, 0.16048082], [62284.11, 0.025], [62284.1, 0.10724916]], "asks": [[62317.58, 0.0198674], [62317.6, 1.1], [62320.47, 0.10835389], [62327.82, 0.4129], [62346.37, 0.16048082]], "ts": 1618626563138}
{"bids": [[62295.79, 0.02390113], [62292.67, 0.02], [62292.15, 0.16048082], [62284.11, 0.025], [62284.1, 0.10724916]], "asks": [[62317.58, 0.0198674], [62317.6, 1.1], [62320.47, 0.10835389], [62327.82, 0.4129], [62346.37, 0.16048082]], "ts": 1618626563143}
{"bids": [[62295.79, 0.02390113], [62292.67, 0.02], [62292.15, 0.16048082], [62284.11, 0.025], [62284.1, 0.10724916]], "asks": [[62317.58, 0.0198674], [62317.6, 1.1], [62320.47, 0.10835389], [62327.82, 0.4129], [62346.37, 0.16048082]], "ts": 1618626563145}
{"bids": [[62295.79, 0.02390113], [62292.67, 0.02], [62292.15, 0.16048082], [62284.11, 0.025], [62284.1, 0.10724916]], "asks": [[62317.58, 0.0198674], [62317.6, 1.1], [62320.47, 0.10835389], [62327.82, 0.4129], [62346.37, 0.16048082]], "ts": 1618626563152}
{"bids": [[62295.79, 0.02390113], [62292.67, 0.02], [62292.15, 0.16048082], [62284.11, 0.025], [62284.1, 0.10724916]], "asks": [[62317.58, 0.0198674], [62317.6, 1.1], [62320.47, 0.10835389], [62327.82, 0.4129], [62346.37, 0.16048082]], "ts": 1618626563153}
{"bids": [[62295.79, 0.02390113], [62292.67, 0.02], [62292.15, 0.16048082], [62284.11, 0.025], [62284.1, 0.10724916]], "asks": [[62317.58, 0.0198674], [62317.6, 1.1], [62320.47, 0.10835389], [62327.82, 0.4129], [62346.37, 0.16048082]], "ts": 1618626563159}
{"bids": [[62295.79, 0.02390113], [62292.67, 0.02], [62292.15, 0.16048082], [62284.11, 0.025], [62284.1, 0.10724916]], "asks": [[62317.58, 0.0198674], [62317.6, 1.1], [62320.47, 0.10835389], [62327.82, 0.4129], [62346.37, 0.16048082]], "ts": 1618626563168}
{"bids": [[62295.79, 0.02390113], [62292.67, 0.02], [62292.15, 0.16048082], [62284.11, 0.025], [62284.1, 0.10724916]], "asks": [[62317.58, 0.0198674], [62317.6, 1.1], [62320.47, 0.10835389], [62327.82, 0.4129], [62346.37, 0.16048082]], "ts": 1618626563169}
{"bids": [[62295.79, 0.02390113], [62292.67, 0.02], [62292.15, 0.16048082], [62284.11, 0.025], [62284.1, 0.10724916]], "asks": [[62317.58, 0.0198674], [62317.6, 1.1], [62320.47, 0.10835389], [62327.82, 0.4129], [62346.37, 0.16048082]], "ts": 1618626563170}
{"bids": [[62295.79, 0.02390113], [62292.67, 0.02], [62292.15, 0.16048082], [62284.11, 0.025], [62284.1, 0.10724916]], "asks": [[62317.58, 0.0198674], [62317.6, 1.1], [62320.47, 0.10835389], [62327.82, 0.4129], [62346.37, 0.16048082]], "ts": 1618626563179}
{"bids": [[62295.79, 0.02390113], [62292.67, 0.02], [62292.15, 0.16048082], [62284.11, 0.025], [62284.1, 0.10724916]], "asks": [[62317.58, 0.0198674], [62317.6, 1.1], [62320.47, 0.10835389], [62327.82, 0.4129], [62346.37, 0.16048082]], "ts": 1618626563180}
{"bids": [[62295.79, 0.02390113], [62292.67, 0.02], [62292.15, 0.16048082], [62284.11, 0.025], [62284.1, 0.10724916]], "asks": [[62317.58, 0.0198674], [62317.6, 1.1], [62320.47, 0.10835389], [62327.82, 0.4129], [62346.37, 0.16048082]], "ts": 1618626563189}
{"bids": [[62295.79, 0.02390113], [62292.67, 0.02], [62292.15, 0.16048082], [62284.11, 0.025], [62284.1, 0.10724916]], "asks": [[62317.58, 0.0198674], [62317.6, 1.1], [62320.47, 0.10835389], [62327.82, 0.4129], [62346.37, 0.16048082]], "ts": 1618626563190}
{"bids": [[62295.79, 0.02390113], [62292.67, 0.02], [62292.15, 0.16048082], [62284.11, 0.025], [62284.1, 0.10724916]], "asks": [[62317.58, 0.0198674], [62317.6, 1.1], [62320.47, 0.10835389], [62327.82, 0.4129], [62346.37, 0.16048082]], "ts": 1618626563196}
{"bids": [[62295.79, 0.02390113], [62292.67, 0.02], [62292.15, 0.16048082], [62284.11, 0.025], [62284.1, 0.10724916]], "asks": [[62317.58, 0.0198674], [62317.6, 1.1], [62320.47, 0.10835389], [62327.82, 0.4129], [62346.37, 0.16048082]], "ts": 1618626563196}
{"bids": [[62295.79, 0.02390113], [62292.67, 0.02], [62292.15, 0.16048082], [62284.11, 0.025], [62284.1, 0.10724916]], "asks": [[62317.58, 0.0198674], [62317.6, 1.1], [62320.47, 0.10835389], [62327.82, 0.4129], [62346.37, 0.16048082]], "ts": 1618626563204}
{"bids": [[62295.79, 0.02390113], [62292.67, 0.02], [62292.15, 0.16048082], [62284.11, 0.025], [62284.1, 0.10724916]], "asks": [[62317.58, 0.0198674], [62317.6, 1.1], [62320.47, 0.10835389], [62327.82, 0.4129], [62346.37, 0.16048082]], "ts": 1618626563205}
{"bids": [[62295.79, 0.02390113], [62292.67, 0.02], [62292.15, 0.16048082], [62284.11, 0.025], [62284.1, 0.10724916]], "asks": [[62317.58, 0.0198674], [62317.6, 1.1], [62320.47, 0.10835389], [62327.82, 0.4129], [62346.37, 0.16048082]], "ts": 1618626563212}
{"bids": [[62295.79, 0.02390113], [62292.67, 0.02], [62292.15, 0.16048082], [62284.11, 0.025], [62284.1, 0.10724916]], "asks": [[62317.58, 0.0198674], [62317.6, 1.1], [62320.47, 0.10835389], [62327.82, 0.4129], [62346.37, 0.16048082]], "ts": 1618626563215}
{"bids": [[62295.79, 0.02390113], [62292.67, 0.02], [62292.15, 0.16048082], [62284.11, 0.025], [62284.1, 0.10724916]], "asks": [[62317.58, 0.0198674], [62317.6, 1.1], [62320.47, 0.10835389], [62327.82, 0.4129], [62346.37, 0.16048082]], "ts": 1618626563223}
{"bids": [[62295.79, 0.02390113], [62292.67, 0.02], [62292.15, 0.16048082], [62284.11, 0.025], [62284.1, 0.10724916]], "asks": [[62317.58, 0.0198674], [62317.6, 1.1], [62320.47, 0.10835389], [62327.82, 0.4129], [62346.37, 0.16048082]], "ts": 1618626563224}
{"bids": [[62295.79, 0.02390113], [62292.67, 0.02], [62292.15, 0.16048082], [62284.11, 0.025], [62284.1, 0.10724916]], "asks": [[62317.58, 0.0198674], [62317.6, 1.1], [62320.47, 0.10835389], [62327.82, 0.4129], [62346.37, 0.16048082]], "ts": 1618626563232}
{"bids": [[62295.79, 0.02390113], [62292.67, 0.02], [62292.15, 0.16048082], [62284.11, 0.025], [62284.1, 0.10724916]], "asks": [[62317.58, 0.0198674], [62317.6, 1.1], [62320.47, 0.10835389], [62327.82, 0.4129], [62346.37, 0.16048082]], "ts": 1618626563233}
{"bids": [[62295.79, 0.02390113], [62292.67, 0.02], [62292.15, 0.16048082], [62284.11, 0.025], [62284.1, 0.10724916]], "asks": [[62317.58, 0.0198674], [62317.6, 1.1], [62320.47, 0.10835389], [62327.82, 0.4129], [62346.37, 0.16048082]], "ts": 1618626563240}
{"bids": [[62295.79, 0.02390113], [62292.67, 0.02], [62292.15, 0.16048082], [62284.11, 0.025], [62284.1, 0.10724916]], "asks": [[62317.58, 0.0198674], [62317.6, 1.1], [62320.47, 0.10835389], [62327.82, 0.4129], [62346.37, 0.16048082]], "ts": 1618626563243}
{"bids": [[62295.79, 0.02390113], [62292.67, 0.02], [62292.15, 0.16048082], [62284.11, 0.025], [62284.1, 0.10724916]], "asks": [[62317.58, 0.0198674], [62317.6, 1.1], [62320.47, 0.10835389], [62327.82, 0.4129], [62346.37, 0.16048082]], "ts": 1618626563253}
{"bids": [[62295.79, 0.02390113], [62292.67, 0.02], [62292.15, 0.16048082], [62284.11, 0.025], [62284.1, 0.10724916]], "asks": [[62317.58, 0.0198674], [62317.6, 1.1], [62320.47, 0.10835389], [62327.82, 0.4129], [62346.37, 0.16048082]], "ts": 1618626563254}
{"bids": [[62295.79, 0.02390113], [62292.67, 0.02], [62292.15, 0.16048082], [62284.11, 0.025], [62284.1, 0.10724916]], "asks": [[62317.58, 0.0198674], [62317.6, 1.1], [62320.47, 0.10835389], [62327.82, 0.4129], [62346.37, 0.16048082]], "ts": 1618626563258}
{"bids": [[62295.79, 0.02390113], [62292.67, 0.02], [62292.15, 0.16048082], [62284.11, 0.025], [62284.1, 0.10724916]], "asks": [[62317.58, 0.0198674], [62317.6, 1.1], [62320.47, 0.10835389], [62327.82, 0.4129], [62346.37, 0.16048082]], "ts": 1618626563260}
{"bids": [[62295.79, 0.02390113], [62292.67, 0.02], [62292.15, 0.16048082], [62284.11, 0.025], [62284.1, 0.10724916]], "asks": [[62317.58, 0.0198674], [62317.6, 1.1], [62320.47, 0.10835389], [62327.82, 0.4129], [62346.37, 0.16048082]], "ts": 1618626563267}
{"bids": [[62295.79, 0.02390113], [62292.67, 0.02], [62292.15, 0.16048082], [62284.11, 0.025], [62284.1, 0.10724916]], "asks": [[62317.58, 0.0198674], [62317.6, 1.1], [62320.47, 0.10835389], [62327.82, 0.4129], [62346.37, 0.16048082]], "ts": 1618626563269}
{"bids": [[62295.79, 0.02390113], [62292.67, 0.02], [62292.15, 0.16048082], [62284.11, 0.025], [62284.1, 0.10724916]], "asks": [[62317.58, 0.0198674], [62317.6, 1.1], [62320.47, 0.10835389], [62327.82, 0.4129], [62346.37, 0.16048082]], "ts": 1618626563277}
{"bids": [[62295.79, 0.02390113], [62292.67, 0.02], [62292.15, 0.16048082], [62284.11, 0.025], [62284.1, 0.10724916]], "asks": [[62317.58, 0.0198674], [62317.6, 1.1], [62320.47, 0.10835389], [62327.82, 0.4129], [62346.37, 0.16048082]], "ts": 1618626563279}
{"bids": [[62295.79, 0.02390113], [62292.67, 0.02], [62292.15, 0.16048082], [62284.11, 0.025], [62284.1, 0.10724916]], "asks": [[62317.58, 0.0198674], [62317.6, 1.1], [62320.47, 0.10835389], [62327.82, 0.4129], [62346.37, 0.16048082]], "ts": 1618626563287}
{"bids": [[62295.79, 0.02390113], [62292.67, 0.02], [62292.15, 0.16048082], [62284.11, 0.025], [62284.1, 0.10724916]], "asks": [[62317.58, 0.0198674], [62317.6, 1.1], [62320.47, 0.10835389], [62327.82, 0.4129], [62346.37, 0.16048082]], "ts": 1618626563288}
{"bids": [[62295.79, 0.02390113], [62292.67, 0.02], [62292.15, 0.16048082], [62284.11, 0.025], [62284.1, 0.10724916]], "asks": [[62317.58, 0.0198674], [62317.6, 1.1], [62320.47, 0.10835389], [62327.82, 0.4129], [62346.37, 0.16048082]], "ts": 1618626563297}
{"bids": [[62295.79, 0.02390113], [62292.67, 0.02], [62292.15, 0.16048082], [62284.11, 0.025], [62284.1, 0.10724916]], "asks": [[62317.58, 0.0198674], [62317.6, 1.1], [62320.47, 0.10835389], [62327.82, 0.4129], [62346.37, 0.16048082]], "ts": 1618626563297}
{"bids": [[62295.79, 0.02390113], [62292.67, 0.02], [62292.15, 0.16048082], [62284.11, 0.025], [62284.1, 0.10724916]], "asks": [[62317.58, 0.0198674], [62317.6, 1.1], [62320.47, 0.10835389], [62327.82, 0.4129], [62346.37, 0.16048082]], "ts": 1618626563303}
{"bids": [[62295.79, 0.02390113], [62292.67, 0.02], [62292.15, 0.16048082], [62284.11, 0.025], [62284.1, 0.10724916]], "asks": [[62317.58, 0.0198674], [62317.6, 1.1], [62320.47, 0.10835389], [62327.82, 0.4129], [62346.37, 0.16048082]], "ts": 1618626563304}
{"bids": [[62295.79, 0.02390113], [62292.67, 0.02], [62292.15, 0.16048082], [62284.11, 0.025], [62284.1, 0.10724916]], "asks": [[62317.58, 0.0198674], [62317.6, 1.1], [62320.47, 0.10835389], [62327.82, 0.4129], [62346.37, 0.16048082]], "ts": 1618626563313}
{"bids": [[62295.79, 0.02390113], [62292.67, 0.02], [62292.15, 0.16048082], [62284.11, 0.025], [62284.1, 0.10724916]], "asks": [[62317.58, 0.0198674], [62317.6, 1.1], [62320.47, 0.10835389], [62327.82, 0.4129], [62346.37, 0.16048082]], "ts": 1618626563313}
{"bids": [[62295.79, 0.02390113], [62292.67, 0.02], [62292.15, 0.16048082], [62284.11, 0.025], [62284.1, 0.10724916]], "asks": [[62317.58, 0.0198674], [62317.6, 1.1], [62320.47, 0.10835389], [62327.82, 0.4129], [62346.37, 0.16048082]], "ts": 1618626563324}
{"bids": [[62295.79, 0.02390113], [62292.67, 0.02], [62292.15, 0.16048082], [62284.11, 0.025], [62284.1, 0.10724916]], "asks": [[62317.58, 0.0198674], [62317.6, 1.1], [62320.47, 0.10835389], [62327.82, 0.4129], [62346.37, 0.16048082]], "ts": 1618626563324}
{"bids": [[62295.79, 0.02390113], [62292.67, 0.02], [62292.15, 0.16048082], [62284.11, 0.025], [62284.1, 0.10724916]], "asks": [[62317.58, 0.0198674], [62317.6, 1.1], [62320.47, 0.10835389], [62327.82, 0.4129], [62346.37, 0.16048082]], "ts": 1618626563331}
{"bids": [[62295.79, 0.02390113], [62292.67, 0.02], [62292.15, 0.16048082], [62284.11, 0.025], [62284.1, 0.10724916]], "asks": [[62317.58, 0.0198674], [62317.6, 1.1], [62320.47, 0.10835389], [62327.82, 0.4129], [62346.37, 0.16048082]], "ts": 1618626563336}
{"bids": [[62295.79, 0.02390113], [62292.67, 0.02], [62292.15, 0.16048082], [62284.11, 0.025], [62284.1, 0.10724916]], "asks": [[62317.58, 0.0198674], [62317.6, 1.1], [62320.47, 0.10835389], [62327.82, 0.4129], [62346.37, 0.16048082]], "ts": 1618626563344}
{"bids": [[62295.79, 0.02390113], [62292.67, 0.02], [62292.15, 0.16048082], [62284.11, 0.025], [62284.1, 0.10724916]], "asks": [[62317.58, 0.0198674], [62317.6, 1.1], [62320.47, 0.10835389], [62327.82, 0.4129], [62346.37, 0.16048082]], "ts": 1618626563345}
{"bids": [[62295.79, 0.02390113], [62292.67, 0.02], [62292.15, 0.16048082], [62284.11, 0.025], [62284.1, 0.10724916]], "asks": [[62317.58, 0.0198674], [62317.6, 1.1], [62320.47, 0.10835389], [62327.82, 0.4129], [62346.37, 0.16048082]], "ts": 1618626563348}
{"bids": [[62295.79, 0.02390113], [62292.67, 0.02], [62292.15, 0.16048082], [62284.11, 0.025], [62284.1, 0.10724916]], "asks": [[62317.58, 0.0198674], [62317.6, 1.1], [62320.47, 0.10835389], [62327.82, 0.4129], [62346.37, 0.16048082]], "ts": 1618626563356}
{"bids": [[62295.79, 0.02390113], [62292.67, 0.02], [62292.15, 0.16048082], [62284.11, 0.025], [62284.1, 0.10724916]], "asks": [[62317.58, 0.0198674], [62317.6, 1.1], [62320.47, 0.10835389], [62327.82, 0.4129], [62346.37, 0.16048082]], "ts": 1618626563356}
{"bids": [[62295.79, 0.02390113], [62292.67, 0.02], [62292.15, 0.16048082], [62284.11, 0.025], [62284.1, 0.10724916]], "asks": [[62317.58, 0.0198674], [62317.6, 1.1], [62320.47, 0.10835389], [62327.82, 0.4129], [62346.37, 0.16048082]], "ts": 1618626563359}
{"bids": [[62295.79, 0.02390113], [62292.67, 0.02], [62292.15, 0.16048082], [62284.11, 0.025], [62284.1, 0.10724916]], "asks": [[62317.58, 0.0198674], [62317.6, 1.1], [62320.47, 0.10835389], [62327.82, 0.4129], [62346.37, 0.16048082]], "ts": 1618626563366}
{"bids": [[62295.79, 0.02390113], [62292.67, 0.02], [62292.15, 0.16048082], [62284.11, 0.025], [62284.1, 0.10724916]], "asks": [[62317.58, 0.0198674], [62317.6, 1.1], [62320.47, 0.10835389], [62327.82, 0.4129], [62346.37, 0.16048082]], "ts": 1618626563366}
{"bids": [[62295.79, 0.02390113], [62292.67, 0.02], [62292.15, 0.16048082], [62284.11, 0.025], [62284.1, 0.10724916]], "asks": [[62317.58, 0.0198674], [62317.6, 1.1], [62320.47, 0.10835389], [62327.82, 0.4129], [62346.37, 0.16048082]], "ts": 1618626563375}
{"bids": [[62295.79, 0.02390113], [62292.67, 0.02], [62292.15, 0.16048082], [62284.11, 0.025], [62284.1, 0.10724916]], "asks": [[62317.58, 0.0198674], [62317.6, 1.1], [62320.47, 0.10835389], [62327.82, 0.4129], [62346.37, 0.16048082]], "ts": 1618626563376}
{"bids": [[62295.79, 0.02390113], [62292.67, 0.02], [62292.15, 0.16048082], [62284.11, 0.025], [62284.1, 0.10724916]], "asks": [[62317.58, 0.0198674], [62317.6, 1.1], [62320.47, 0.10835389], [62327.82, 0.4129], [62346.37, 0.16048082]], "ts": 1618626563384}
{"bids": [[62295.79, 0.02390113], [62292.67, 0.02], [62292.15, 0.16048082], [62284.11, 0.025], [62284.1, 0.10724916]], "asks": [[62317.58, 0.0198674], [62317.6, 1.1], [62320.47, 0.10835389], [62327.82, 0.4129], [62346.37, 0.16048082]], "ts": 1618626563384}
{"bids": [[62295.79, 0.02390113], [62292.67, 0.02], [62292.15, 0.16048082], [62284.11, 0.025], [62284.1, 0.10724916]], "asks": [[62317.58, 0.0198674], [62317.6, 1.1], [62320.47, 0.10835389], [62327.82, 0.4129], [62346.37, 0.16048082]], "ts": 1618626563394}
{"bids": [[62295.79, 0.02390113], [62292.67, 0.02], [62292.15, 0.16048082], [62284.11, 0.025], [62284.1, 0.10724916]], "asks": [[62317.58, 0.0198674], [62317.6, 1.1], [62320.47, 0.10835389], [62327.82, 0.4129], [62346.37, 0.16048082]], "ts": 1618626563395}
{"bids": [[62295.79, 0.02390113], [62292.67, 0.02], [62292.15, 0.16048082], [62284.11, 0.025], [62284.1, 0.10724916]], "asks": [[62317.58, 0.0198674], [62317.6, 1.1], [62320.47, 0.10835389], [62327.82, 0.4129], [62346.37, 0.16048082]], "ts": 1618626563403}
{"bids": [[62295.79, 0.02390113], [62292.67, 0.02], [62292.15, 0.16048082], [62284.11, 0.025], [62284.1, 0.10724916]], "asks": [[62317.58, 0.0198674], [62317.6, 1.1], [62320.47, 0.10835389], [62327.82, 0.4129], [62346.37, 0.16048082]], "ts": 1618626563404}
{"bids": [[62295.79, 0.02390113], [62292.67, 0.02], [62292.15, 0.16048082], [62284.11, 0.025], [62284.1, 0.10724916]], "asks": [[62317.58, 0.0198674], [62317.6, 1.1], [62320.47, 0.10835389], [62327.82, 0.4129], [62346.37, 0.16048082]], "ts": 1618626563413}
{"bids": [[62295.79, 0.02390113], [62292.67, 0.02], [62292.15, 0.16048082], [62284.11, 0.025], [62284.1, 0.10724916]], "asks": [[62317.58, 0.0198674], [62317.6, 1.1], [62320.47, 0.10835389], [62327.82, 0.4129], [62346.37, 0.16048082]], "ts": 1618626563413}
{"bids": [[62295.79, 0.02390113], [62292.67, 0.02], [62292.15, 0.16048082], [62284.11, 0.025], [62284.1, 0.10724916]], "asks": [[62317.58, 0.0198674], [62317.6, 1.1], [62320.47, 0.10835389], [62327.82, 0.4129], [62346.37, 0.16048082]], "ts": 1618626563420}
{"bids": [[62295.79, 0.02390113], [62292.67, 0.02], [62292.15, 0.16048082], [62284.11, 0.025], [62284.1, 0.10724916]], "asks": [[62317.58, 0.0198674], [62317.6, 1.1], [62320.47, 0.10835389], [62327.82, 0.4129], [62346.37, 0.16048082]], "ts": 1618626563420}
{"bids": [[62295.79, 0.02390113], [62292.67, 0.02], [62292.15, 0.16048082], [62284.11, 0.025], [62284.1, 0.10724916]], "asks": [[62317.58, 0.0198674], [62317.6, 1.1], [62320.47, 0.10835389], [62327.82, 0.4129], [62346.37, 0.16048082]], "ts": 1618626563431}
{"bids": [[62295.79, 0.02390113], [62292.67, 0.02], [62292.15, 0.16048082], [62284.11, 0.025], [62284.1, 0.10724916]], "asks": [[62317.58, 0.0198674], [62317.6, 1.1], [62320.47, 0.10835389], [62327.82, 0.4129], [62346.37, 0.16048082]], "ts": 1618626563431}
{"bids": [[62295.79, 0.02390113], [62292.67, 0.02], [62292.15, 0.16048082], [62284.11, 0.025], [62284.1, 0.10724916]], "asks": [[62317.58, 0.0198674], [62317.6, 1.1], [62320.47, 0.10835389], [62327.82, 0.4129], [62346.37, 0.16048082]], "ts": 1618626563438}
{"bids": [[62295.79, 0.02390113], [62292.67, 0.02], [62292.15, 0.16048082], [62284.11, 0.025], [62284.1, 0.10724916]], "asks": [[62317.58, 0.0198674], [62317.6, 1.1], [62320.47, 0.10835389], [62327.82, 0.4129], [62346.37, 0.16048082]], "ts": 1618626563438}
{"bids": [[62295.79, 0.02390113], [62292.67, 0.02], [62292.15, 0.16048082], [62284.11, 0.025], [62284.1, 0.10724916]], "asks": [[62317.58, 0.0198674], [62317.6, 1.1], [62320.47, 0.10835389], [62327.82, 0.4129], [62346.37, 0.16048082]], "ts": 1618626563448}
{"bids": [[62295.79, 0.02390113], [62292.67, 0.02], [62292.15, 0.16048082], [62284.11, 0.025], [62284.1, 0.10724916]], "asks": [[62317.58, 0.0198674], [62317.6, 1.1], [62320.47, 0.10835389], [62327.82, 0.4129], [62346.37, 0.16048082]], "ts": 1618626563448}
{"bids": [[62295.79, 0.02390113], [62292.67, 0.02], [62292.15, 0.16048082], [62284.11, 0.025], [62284.1, 0.10724916]], "asks": [[62317.58, 0.0198674], [62317.6, 1.1], [62320.47, 0.10835389], [62327.82, 0.4129], [62346.37, 0.16048082]], "ts": 1618626563449}
{"bids": [[62295.79, 0.02390113], [62292.67, 0.02], [62292.15, 0.16048082], [62284.11, 0.025], [62284.1, 0.10724916]], "asks": [[62317.58, 0.0198674], [62317.6, 1.1], [62320.47, 0.10835389], [62327.82, 0.4129], [62346.37, 0.16048082]], "ts": 1618626563460}
{"bids": [[62295.79, 0.02390113], [62292.67, 0.02], [62292.15, 0.16048082], [62284.11, 0.025], [62284.1, 0.10724916]], "asks": [[62317.58, 0.0198674], [62317.6, 1.1], [62320.47, 0.10835389], [62327.82, 0.4129], [62346.37, 0.16048082]], "ts": 1618626563460}
{"bids": [[62295.79, 0.02390113], [62292.67, 0.02], [62292.15, 0.16048082], [62284.11, 0.025], [62284.1, 0.10724916]], "asks": [[62317.58, 0.0198674], [62317.6, 1.1], [62320.47, 0.10835389], [62327.82, 0.4129], [62346.37, 0.16048082]], "ts": 1618626563461}
{"bids": [[62295.79, 0.02390113], [62292.67, 0.02], [62292.15, 0.16048082], [62284.11, 0.025], [62284.1, 0.10724916]], "asks": [[62317.58, 0.0198674], [62317.6, 1.1], [62320.47, 0.10835389], [62327.82, 0.4129], [62346.37, 0.16048082]], "ts": 1618626563461}
{"bids": [[62295.79, 0.02390113], [62292.67, 0.02], [62292.15, 0.16048082], [62284.11, 0.025], [62284.1, 0.10724916]], "asks": [[62317.58, 0.0198674], [62317.6, 1.1], [62320.47, 0.10835389], [62327.82, 0.4129], [62346.37, 0.16048082]], "ts": 1618626563465}
{"bids": [[62295.79, 0.02390113], [62292.67, 0.02], [62292.15, 0.16048082], [62284.11, 0.025], [62284.1, 0.10724916]], "asks": [[62317.58, 0.0198674], [62317.6, 1.1], [62320.47, 0.10835389], [62327.82, 0.4129], [62346.37, 0.16048082]], "ts": 1618626563465}
{"bids": [[62295.79, 0.02390113], [62292.67, 0.02], [62292.15, 0.16048082], [62284.11, 0.025], [62284.1, 0.10724916]], "asks": [[62317.58, 0.0198674], [62317.6, 1.1], [62320.47, 0.10835389], [62327.82, 0.4129], [62346.37, 0.16048082]], "ts": 1618626563467}
{"bids": [[62295.79, 0.02390113], [62292.67, 0.02], [62292.15, 0.16048082], [62284.11, 0.025], [62284.1, 0.10724916]], "asks": [[62317.58, 0.0198674], [62317.6, 1.1], [62320.47, 0.10835389], [62327.82, 0.4129], [62346.37, 0.16048082]], "ts": 1618626563475}
{"bids": [[62295.79, 0.02390113], [62292.67, 0.02], [62292.15, 0.16048082], [62284.11, 0.025], [62284.1, 0.10724916]], "asks": [[62317.58, 0.0198674], [62317.6, 1.1], [62320.47, 0.10835389], [62327.82, 0.4129], [62346.37, 0.16048082]], "ts": 1618626563475}
{"bids": [[62295.79, 0.02390113], [62292.67, 0.02], [62292.15, 0.16048082], [62284.11, 0.025], [62284.1, 0.10724916]], "asks": [[62317.58, 0.0198674], [62317.6, 1.1], [62320.47, 0.10835389], [62327.82, 0.4129], [62346.37, 0.16048082]], "ts": 1618626563476}
{"bids": [[62295.79, 0.02390113], [62292.67, 0.02], [62292.15, 0.16048082], [62284.11, 0.025], [62284.1, 0.10724916]], "asks": [[62317.58, 0.0198674], [62317.6, 1.1], [62320.47, 0.10835389], [62327.82, 0.4129], [62346.37, 0.16048082]], "ts": 1618626563476}
{"bids": [[62295.79, 0.02390113], [62292.67, 0.02], [62292.15, 0.16048082], [62284.11, 0.025], [62284.1, 0.10724916]], "asks": [[62317.58, 0.0198674], [62317.6, 1.1], [62320.47, 0.10835389], [62327.82, 0.4129], [62346.37, 0.16048082]], "ts": 1618626563479}
{"bids": [[62295.79, 0.02390113], [62292.67, 0.02], [62292.15, 0.16048082], [62284.11, 0.025], [62284.1, 0.10724916]], "asks": [[62317.58, 0.0198674], [62317.6, 1.1], [62320.47, 0.10835389], [62327.82, 0.4129], [62346.37, 0.16048082]], "ts": 1618626563480}
{"bids": [[62295.79, 0.02390113], [62292.67, 0.02], [62292.15, 0.16048082], [62284.11, 0.025], [62284.1, 0.10724916]], "asks": [[62317.58, 0.0198674], [62317.6, 1.1], [62320.47, 0.10835389], [62327.82, 0.4129], [62346.37, 0.16048082]], "ts": 1618626563482}
{"bids": [[62295.79, 0.02390113], [62292.67, 0.02], [62292.15, 0.16048082], [62284.11, 0.025], [62284.1, 0.10724916]], "asks": [[62317.58, 0.0198674], [62317.6, 1.1], [62320.47, 0.10835389], [62327.82, 0.4129], [62346.37, 0.16048082]], "ts": 1618626563487}
{"bids": [[62295.79, 0.02390113], [62292.67, 0.02], [62292.15, 0.16048082], [62284.11, 0.025], [62284.1, 0.10724916]], "asks": [[62317.58, 0.0198674], [62317.6, 1.1], [62320.47, 0.10835389], [62327.82, 0.4129], [62346.37, 0.16048082]], "ts": 1618626563488}
{"bids": [[62295.79, 0.02390113], [62292.67, 0.02], [62292.15, 0.16048082], [62284.11, 0.025], [62284.1, 0.10724916]], "asks": [[62317.58, 0.0198674], [62317.6, 1.1], [62320.47, 0.10835389], [62327.82, 0.4129], [62346.37, 0.16048082]], "ts": 1618626563493}
{"bids": [[62295.79, 0.02390113], [62292.67, 0.02], [62292.15, 0.16048082], [62284.11, 0.025], [62284.1, 0.10724916]], "asks": [[62317.58, 0.0198674], [62317.6, 1.1], [62320.47, 0.10835389], [62327.82, 0.4129], [62346.37, 0.16048082]], "ts": 1618626563494}
{"bids": [[62295.79, 0.02390113], [62292.67, 0.02], [62292.15, 0.16048082], [62284.11, 0.025], [62284.1, 0.10724916]], "asks": [[62317.58, 0.0198674], [62317.6, 1.1], [62320.47, 0.10835389], [62327.82, 0.4129], [62346.37, 0.16048082]], "ts": 1618626563494}
{"bids": [[62295.79, 0.02390113], [62292.67, 0.02], [62292.15, 0.16048082], [62284.11, 0.025], [62284.1, 0.10724916]], "asks": [[62317.58, 0.0198674], [62317.6, 1.1], [62320.47, 0.10835389], [62327.82, 0.4129], [62346.37, 0.16048082]], "ts": 1618626563495}
{"bids": [[62295.79, 0.02390113], [62292.67, 0.02], [62292.15, 0.16048082], [62284.11, 0.025], [62284.1, 0.10724916]], "asks": [[62317.58, 0.0198674], [62317.6, 1.1], [62320.47, 0.10835389], [62327.82, 0.4129], [62346.37, 0.16048082]], "ts": 1618626563502}
{"bids": [[62295.79, 0.02390113], [62292.67, 0.02], [62292.15, 0.16048082], [62284.11, 0.025], [62284.1, 0.10724916]], "asks": [[62317.58, 0.0198674], [62317.6, 1.1], [62320.47, 0.10835389], [62327.82, 0.4129], [62346.37, 0.16048082]], "ts": 1618626563503}
{"bids": [[62295.79, 0.02390113], [62292.67, 0.02], [62292.15, 0.16048082], [62284.11, 0.025], [62284.1, 0.10724916]], "asks": [[62317.58, 0.0198674], [62317.6, 1.1], [62320.47, 0.10835389], [62327.82, 0.4129], [62346.37, 0.16048082]], "ts": 1618626563504}
{"bids": [[62295.79, 0.02390113], [62292.67, 0.02], [62292.15, 0.16048082], [62284.11, 0.025], [62284.1, 0.10724916]], "asks": [[62317.58, 0.0198674], [62317.6, 1.1], [62320.47, 0.10835389], [62327.82, 0.4129], [62346.37, 0.16048082]], "ts": 1618626563510}
{"bids": [[62295.79, 0.02390113], [62292.67, 0.02], [62292.15, 0.16048082], [62284.11, 0.025], [62284.1, 0.10724916]], "asks": [[62317.58, 0.0198674], [62317.6, 1.1], [62320.47, 0.10835389], [62327.82, 0.4129], [62346.37, 0.16048082]], "ts": 1618626563511}
{"bids": [[62295.79, 0.02390113], [62292.67, 0.02], [62292.15, 0.16048082], [62284.11, 0.025], [62284.1, 0.10724916]], "asks": [[62317.58, 0.0198674], [62317.6, 1.1], [62320.47, 0.10835389], [62327.82, 0.4129], [62346.37, 0.16048082]], "ts": 1618626563520}
{"bids": [[62295.79, 0.02390113], [62292.67, 0.02], [62292.15, 0.16048082], [62284.11, 0.025], [62284.1, 0.10724916]], "asks": [[62317.58, 0.0198674], [62317.6, 1.1], [62320.47, 0.10835389], [62327.82, 0.4129], [62346.37, 0.16048082]], "ts": 1618626563520}
{"bids": [[62295.79, 0.02390113], [62292.67, 0.02], [62292.15, 0.16048082], [62284.11, 0.025], [62284.1, 0.10724916]], "asks": [[62317.58, 0.0198674], [62317.6, 1.1], [62320.47, 0.10835389], [62327.82, 0.4129], [62346.37, 0.16048082]], "ts": 1618626563528}
{"bids": [[62295.79, 0.02390113], [62292.67, 0.02], [62292.15, 0.16048082], [62284.11, 0.025], [62284.1, 0.10724916]], "asks": [[62317.58, 0.0198674], [62317.6, 1.1], [62320.47, 0.10835389], [62327.82, 0.4129], [62346.37, 0.16048082]], "ts": 1618626563529}
{"bids": [[62295.79, 0.02390113], [62292.67, 0.02], [62292.15, 0.16048082], [62284.11, 0.025], [62284.1, 0.10724916]], "asks": [[62317.58, 0.0198674], [62317.6, 1.1], [62320.47, 0.10835389], [62327.82, 0.4129], [62346.37, 0.16048082]], "ts": 1618626563536}
{"bids": [[62295.79, 0.02390113], [62292.67, 0.02], [62292.15, 0.16048082], [62284.11, 0.025], [62284.1, 0.10724916]], "asks": [[62317.58, 0.0198674], [62317.6, 1.1], [62320.47, 0.10835389], [62327.82, 0.4129], [62346.37, 0.16048082]], "ts": 1618626563537}
{"bids": [[62295.79, 0.02390113], [62292.67, 0.02], [62292.15, 0.16048082], [62284.11, 0.025], [62284.1, 0.10724916]], "asks": [[62317.58, 0.0198674], [62317.6, 1.1], [62320.47, 0.10835389], [62327.82, 0.4129], [62346.37, 0.16048082]], "ts": 1618626563545}
{"bids": [[62295.79, 0.02390113], [62292.67, 0.02], [62292.15, 0.16048082], [62284.11, 0.025], [62284.1, 0.10724916]], "asks": [[62317.58, 0.0198674], [62317.6, 1.1], [62320.47, 0.10835389], [62327.82, 0.4129], [62346.37, 0.16048082]], "ts": 1618626563545}
{"bids": [[62295.79, 0.02390113], [62292.67, 0.02], [62292.15, 0.16048082], [62284.11, 0.025], [62284.1, 0.10724916]], "asks": [[62317.58, 0.0198674], [62317.6, 1.1], [62320.47, 0.10835389], [62327.82, 0.4129], [62346.37, 0.16048082]], "ts": 1618626563550}
{"bids": [[62295.79, 0.02390113], [62292.67, 0.02], [62292.15, 0.16048082], [62284.11, 0.025], [62284.1, 0.10724916]], "asks": [[62317.58, 0.0198674], [62317.6, 1.1], [62320.47, 0.10835389], [62327.82, 0.4129], [62346.37, 0.16048082]], "ts": 1618626563552}
{"bids": [[62295.79, 0.02390113], [62292.67, 0.02], [62292.15, 0.16048082], [62284.11, 0.025], [62284.1, 0.10724916]], "asks": [[62317.58, 0.0198674], [62317.6, 1.1], [62320.47, 0.10835389], [62327.82, 0.4129], [62346.37, 0.16048082]], "ts": 1618626563563}
{"bids": [[62295.79, 0.02390113], [62292.67, 0.02], [62292.15, 0.16048082], [62284.11, 0.025], [62284.1, 0.10724916]], "asks": [[62317.58, 0.0198674], [62317.6, 1.1], [62320.47, 0.10835389], [62327.82, 0.4129], [62346.37, 0.16048082]], "ts": 1618626563563}
{"bids": [[62295.79, 0.02390113], [62292.67, 0.02], [62292.15, 0.16048082], [62284.11, 0.025], [62284.1, 0.10724916]], "asks": [[62317.58, 0.0198674], [62317.6, 1.1], [62320.47, 0.10835389], [62327.82, 0.4129], [62346.37, 0.16048082]], "ts": 1618626563569}
{"bids": [[62295.79, 0.02390113], [62292.67, 0.02], [62292.15, 0.16048082], [62284.11, 0.025], [62284.1, 0.10724916]], "asks": [[62317.58, 0.0198674], [62317.6, 1.1], [62320.47, 0.10835389], [62327.82, 0.4129], [62346.37, 0.16048082]], "ts": 1618626563573}
{"bids": [[62295.79, 0.02390113], [62292.67, 0.02], [62292.15, 0.16048082], [62284.11, 0.025], [62284.1, 0.10724916]], "asks": [[62317.58, 0.0198674], [62317.6, 1.1], [62320.47, 0.10835389], [62327.82, 0.4129], [62346.37, 0.16048082]], "ts": 1618626563578}
{"bids": [[62295.79, 0.02390113], [62292.67, 0.02], [62292.15, 0.16048082], [62284.11, 0.025], [62284.1, 0.10724916]], "asks": [[62317.58, 0.0198674], [62317.6, 1.1], [62320.47, 0.10835389], [62327.82, 0.4129], [62346.37, 0.16048082]], "ts": 1618626563581}
{"bids": [[62295.79, 0.02390113], [62292.67, 0.02], [62292.15, 0.16048082], [62284.11, 0.025], [62284.1, 0.10724916]], "asks": [[62317.58, 0.0198674], [62317.6, 1.1], [62320.47, 0.10835389], [62327.82, 0.4129], [62346.37, 0.16048082]], "ts": 1618626563589}
{"bids": [[62295.79, 0.02390113], [62292.67, 0.02], [62292.15, 0.16048082], [62284.11, 0.025], [62284.1, 0.10724916]], "asks": [[62317.58, 0.0198674], [62317.6, 1.1], [62320.47, 0.10835389], [62327.82, 0.4129], [62346.37, 0.16048082]], "ts": 1618626563590}
{"bids": [[62295.79, 0.02390113], [62292.67, 0.02], [62292.15, 0.16048082], [62284.11, 0.025], [62284.1, 0.10724916]], "asks": [[62317.58, 0.0198674], [62317.6, 1.1], [62320.47, 0.10835389], [62327.82, 0.4129], [62346.37, 0.16048082]], "ts": 1618626563596}
{"bids": [[62295.79, 0.02390113], [62292.67, 0.02], [62292.15, 0.16048082], [62284.11, 0.025], [62284.1, 0.10724916]], "asks": [[62317.58, 0.0198674], [62317.6, 1.1], [62320.47, 0.10835389], [62327.82, 0.4129], [62346.37, 0.16048082]], "ts": 1618626563596}
{"bids": [[62295.79, 0.02390113], [62292.67, 0.02], [62292.15, 0.16048082], [62284.11, 0.025], [62284.1, 0.10724916]], "asks": [[62317.58, 0.0198674], [62317.6, 1.1], [62320.47, 0.10835389], [62327.82, 0.4129], [62346.37, 0.16048082]], "ts": 1618626563604}
{"bids": [[62295.79, 0.02390113], [62292.67, 0.02], [62292.15, 0.16048082], [62284.11, 0.025], [62284.1, 0.10724916]], "asks": [[62317.58, 0.0198674], [62317.6, 1.1], [62320.47, 0.10835389], [62327.82, 0.4129], [62346.37, 0.16048082]], "ts": 1618626563604}
{"bids": [[62295.79, 0.02390113], [62292.67, 0.02], [62292.15, 0.16048082], [62284.11, 0.025], [62284.1, 0.10724916]], "asks": [[62317.58, 0.0198674], [62317.6, 1.1], [62320.47, 0.10835389], [62327.82, 0.4129], [62346.37, 0.16048082]], "ts": 1618626563613}
{"bids": [[62295.79, 0.02390113], [62292.67, 0.02], [62292.15, 0.16048082], [62284.11, 0.025], [62284.1, 0.10724916]], "asks": [[62317.58, 0.0198674], [62317.6, 1.1], [62320.47, 0.10835389], [62327.82, 0.4129], [62346.37, 0.16048082]], "ts": 1618626563619}
{"bids": [[62295.79, 0.02390113], [62292.67, 0.02], [62292.15, 0.16048082], [62284.11, 0.025], [62284.1, 0.10724916]], "asks": [[62317.58, 0.0198674], [62317.6, 1.1], [62320.47, 0.10835389], [62327.82, 0.4129], [62346.37, 0.16048082]], "ts": 1618626563624}
{"bids": [[62295.79, 0.02390113], [62292.67, 0.02], [62292.15, 0.16048082], [62284.11, 0.025], [62284.1, 0.10724916]], "asks": [[62317.58, 0.0198674], [62317.6, 1.1], [62320.47, 0.10835389], [62327.82, 0.4129], [62346.37, 0.16048082]], "ts": 1618626563624}
{"bids": [[62295.79, 0.02390113], [62292.67, 0.02], [62292.15, 0.16048082], [62284.11, 0.025], [62284.1, 0.10724916]], "asks": [[62317.58, 0.0198674], [62317.6, 1.1], [62320.47, 0.10835389], [62327.82, 0.4129], [62346.37, 0.16048082]], "ts": 1618626563633}
{"bids": [[62295.79, 0.02390113], [62292.67, 0.02], [62292.15, 0.16048082], [62284.11, 0.025], [62284.1, 0.10724916]], "asks": [[62317.58, 0.0198674], [62317.6, 1.1], [62320.47, 0.10835389], [62327.82, 0.4129], [62346.37, 0.16048082]], "ts": 1618626563635}
{"bids": [[62298.9, 1.1], [62295.79, 0.02390113], [62292.67, 0.02], [62292.15, 0.16048082], [62284.11, 0.025]], "asks": [[62317.58, 0.0198674], [62317.6, 1.1], [62320.47, 0.10835389], [62327.82, 0.4129], [62346.37, 0.16048082]], "ts": 1618626564264}
{"bids": [[62298.91, 0.02082887], [62298.9, 1.1], [62295.79, 0.02390113], [62292.67, 0.02], [62292.15, 0.16048082]], "asks": [[62317.58, 0.0198674], [62317.6, 1.1], [62320.47, 0.10835389], [62327.82, 0.4129], [62346.37, 0.16048082]], "ts": 1618626564267}
{"bids": [[62298.91, 0.02082887], [62298.9, 1.1], [62292.67, 0.02], [62292.15, 0.16048082]], "asks": [[62317.58, 0.0198674], [62317.6, 1.1], [62320.47, 0.10835389], [62327.82, 0.4129], [62346.37, 0.16048082]], "ts": 1618626564270}
{"bids": [[62298.91, 0.02082887], [62298.9, 1.1], [62292.67, 0.02], [62292.15, 0.16048082]], "asks": [[62317.58, 0.0198674], [62317.6, 1.1], [62320.47, 0.10835389], [62327.82, 0.4129], [62346.37, 0.16048082]], "ts": 1618626564272}
{"bids": [[62298.91, 0.02082887], [62298.9, 1.1], [62292.67, 0.02], [62292.15, 0.16048082]], "asks": [[62317.58, 0.0198674], [62317.6, 1.1], [62320.47, 0.10835389], [62327.82, 0.4129], [62346.37, 0.16048082]], "ts": 1618626564276}
{"bids": [[62298.91, 0.02082887], [62298.9, 1.1], [62292.67, 0.02], [62292.15, 0.16048082]], "asks": [[62317.58, 0.0198674], [62317.6, 1.1], [62320.47, 0.10835389], [62327.82, 0.4129], [62346.37, 0.16048082]], "ts": 1618626564284}
{"bids": [[62298.91, 0.02082887], [62298.9, 1.1], [62292.67, 0.02], [62292.15, 0.16048082]], "asks": [[62317.58, 0.0198674], [62317.6, 1.1], [62320.47, 0.10835389], [62327.82, 0.4129], [62346.37, 0.16048082]], "ts": 1618626564285}
{"bids": [[62298.91, 0.02082887], [62298.9, 1.1], [62292.67, 0.02], [62292.15, 0.16048082]], "asks": [[62317.58, 0.0198674], [62317.6, 1.1], [62320.47, 0.10835389], [62327.82, 0.4129], [62346.37, 0.16048082]], "ts": 1618626564286}
{"bids": [[62298.91, 0.02082887], [62298.9, 1.1], [62292.67, 0.02], [62292.15, 0.16048082]], "asks": [[62317.58, 0.0198674], [62317.6, 1.1], [62320.47, 0.10835389], [62327.82, 0.4129], [62346.37, 0.16048082]], "ts": 1618626564288}
{"bids": [[62298.91, 0.02082887], [62298.9, 1.1], [62292.67, 0.02], [62292.15, 0.16048082], [62278.1, 0.02706]], "asks": [[62317.58, 0.0198674], [62317.6, 1.1], [62320.47, 0.10835389], [62327.82, 0.4129], [62346.37, 0.16048082]], "ts": 1618626564293}
{"bids": [[62298.91, 0.02082887], [62298.9, 1.1], [62292.67, 0.02], [62292.15, 0.16048082], [62278.1, 0.02706]], "asks": [[62317.58, 0.0198674], [62317.6, 1.1], [62320.47, 0.10835389], [62327.82, 0.4129], [62346.37, 0.16048082]], "ts": 1618626564302}
{"bids": [[62298.91, 0.02082887], [62298.9, 1.1], [62292.67, 0.02], [62292.15, 0.16048082], [62278.1, 0.02706]], "asks": [[62317.58, 0.0198674], [62317.6, 1.1], [62320.47, 0.10835389], [62327.82, 0.4129], [62346.37, 0.16048082]], "ts": 1618626564303}
{"bids": [[62298.91, 0.02082887], [62298.9, 1.1], [62292.67, 0.02], [62292.15, 0.16048082], [62278.1, 0.02706]], "asks": [[62317.58, 0.0198674], [62317.6, 1.1], [62320.47, 0.10835389], [62327.82, 0.4129], [62346.37, 0.16048082]], "ts": 1618626564305}
{"bids": [[62298.91, 0.02082887], [62298.9, 1.1], [62292.67, 0.02], [62292.15, 0.16048082], [62278.1, 0.02706]], "asks": [[62317.58, 0.0198674], [62317.6, 1.1], [62320.47, 0.10835389], [62327.82, 0.4129], [62346.37, 0.16048082]], "ts": 1618626564305}
{"bids": [[62298.91, 0.02082887], [62298.9, 1.1], [62292.67, 0.02], [62292.15, 0.16048082], [62278.1, 0.02706]], "asks": [[62317.58, 0.0198674], [62317.6, 1.1], [62320.47, 0.10835389], [62346.37, 0.16048082]], "ts": 1618626564333}
{"bids": [[62298.91, 0.02082887], [62298.9, 1.1], [62292.67, 0.02], [62292.15, 0.16048082], [62278.1, 0.02706]], "asks": [[62317.58, 0.0198674], [62317.6, 1.1], [62320.47, 0.10835389], [62332.53, 0.4146], [62346.37, 0.16048082]], "ts": 1618626564333}
{"bids": [[62298.91, 0.02082887], [62298.9, 1.1], [62292.67, 0.02], [62292.15, 0.16048082], [62278.1, 0.02706]], "asks": [[62317.58, 0.01505871], [62317.6, 1.1], [62320.47, 0.10835389], [62332.53, 0.4146], [62346.37, 0.16048082]], "ts": 1618626565155}
{"bids": [[62298.91, 0.02082887], [62298.9, 1.1], [62292.67, 0.02], [62292.15, 0.16048082], [62278.1, 0.02706]], "asks": [[62317.58, 0.01935057], [62317.6, 1.1], [62320.47, 0.10835389], [62332.53, 0.4146], [62346.37, 0.16048082]], "ts": 1618626565169}
{"bids": [[62298.91, 0.02082887], [62298.9, 1.1], [62292.67, 0.02], [62292.15, 0.16048082], [62278.1, 0.02706]], "asks": [[62317.58, 0.01935057], [62317.6, 1.1], [62320.47, 0.10835389], [62346.37, 0.16048082]], "ts": 1618626565652}
{"bids": [[62298.91, 0.02082887], [62298.9, 1.1], [62292.67, 0.02], [62292.15, 0.16048082], [62278.1, 0.02706]], "asks": [[62317.58, 0.01935057], [62317.6, 1.1], [62320.47, 0.10835389], [62332.53, 0.4135], [62346.37, 0.16048082]], "ts": 1618626565715}
{"bids": [[62298.91, 0.02082887], [62298.9, 1.1], [62292.67, 0.02], [62292.15, 0.16048082], [62278.1, 0.02706]], "asks": [[62317.58, 0.01935057], [62317.6, 1.1], [62320.47, 0.10835389], [62346.37, 0.16048082]], "ts": 1618626566029}
{"bids": [[62298.91, 0.02082887], [62298.9, 1.1], [62292.67, 0.02], [62292.15, 0.16048082], [62278.1, 0.02706]], "asks": [[62317.58, 0.01935057], [62317.6, 1.1], [62320.47, 0.10835389], [62346.37, 0.16048082]], "ts": 1618626566043}
{"bids": [[62298.91, 0.02082887], [62298.9, 1.1], [62292.67, 0.02], [62292.15, 0.16048082], [62278.1, 0.02706]], "asks": [[62317.58, 0.01935057], [62317.6, 1.1], [62320.47, 0.10835389], [62346.37, 0.16048082]], "ts": 1618626566056}
{"bids": [[62298.91, 0.02082887], [62298.9, 1.1], [62292.67, 0.02], [62292.15, 0.16048082], [62279.43, 0.02706]], "asks": [[62317.58, 0.01935057], [62317.6, 1.1], [62320.47, 0.10835389], [62346.37, 0.16048082]], "ts": 1618626566064}
{"bids": [[62298.91, 0.02082887], [62298.9, 1.1], [62292.67, 0.02], [62292.15, 0.16048082], [62279.43, 0.02706]], "asks": [[62317.58, 0.01935057], [62317.6, 1.1], [62320.47, 0.10835389], [62346.37, 0.16048082]], "ts": 1618626566069}
{"bids": [[62298.91, 0.02082887], [62298.9, 1.1], [62292.67, 0.02], [62292.15, 0.16048082], [62279.43, 0.02706]], "asks": [[62317.58, 0.01935057], [62320.47, 0.10835389], [62346.37, 0.16048082]], "ts": 1618626566085}
{"bids": [[62298.91, 0.02082887], [62298.9, 1.1], [62292.67, 0.02], [62292.15, 0.16048082], [62279.43, 0.02706]], "asks": [[62317.58, 0.01935057], [62320.47, 0.10835389], [62341.99, 0.2], [62346.37, 0.16048082]], "ts": 1618626566096}
{"bids": [[62298.91, 0.02082887], [62298.9, 1.1], [62292.67, 0.02], [62292.15, 0.16048082], [62279.43, 0.02706]], "asks": [[62317.58, 0.01935057], [62320.47, 0.10835389], [62341.99, 0.432], [62346.37, 0.16048082]], "ts": 1618626566097}
{"bids": [[62298.91, 0.02082887], [62298.9, 1.1], [62292.67, 0.02], [62292.15, 0.16048082], [62279.43, 0.02706]], "asks": [[62317.58, 0.01935057], [62320.47, 0.10835389], [62337.72, 0.4143], [62341.99, 0.432], [62346.37, 0.16048082]], "ts": 1618626566105}
{"bids": [[62298.91, 0.02082887], [62298.9, 1.1], [62292.67, 0.02], [62292.15, 0.16048082], [62279.43, 0.02706]], "asks": [[62317.58, 0.01935057], [62320.47, 0.10835389], [62337.72, 0.4143], [62341.99, 0.2], [62346.37, 0.16048082]], "ts": 1618626566107}
{"bids": [[62298.91, 0.02082887], [62298.9, 1.1], [62292.67, 0.02], [62292.15, 0.16048082], [62279.43, 0.02706]], "asks": [[62317.58, 0.01935057], [62320.47, 0.10835389], [62337.72, 0.4143], [62341.98, 0.232], [62341.99, 0.2]], "ts": 1618626566109}
{"bids": [[62298.91, 0.02082887], [62298.9, 1.1], [62292.67, 0.02], [62292.15, 0.16048082], [62279.43, 0.02706]], "asks": [[62317.58, 0.01935057], [62320.47, 0.10835389], [62337.72, 0.4143], [62341.99, 0.2]], "ts": 1618626566114}
{"bids": [[62298.91, 0.02082887], [62298.9, 1.1], [62292.67, 0.02], [62292.15, 0.16048082], [62279.43, 0.02706]], "asks": [[62317.58, 0.01935057], [62320.47, 0.10835389], [62337.71, 0.232], [62337.72, 0.4143], [62341.99, 0.2]], "ts": 1618626566117}
{"bids": [[62298.91, 0.02082887], [62298.9, 1.1], [62292.67, 0.02], [62292.15, 0.16048082], [62279.43, 0.02706]], "asks": [[62317.58, 0.01935057], [62320.47, 0.10835389], [62337.71, 0.232], [62337.72, 0.4143]], "ts": 1618626566192}
{"bids": [[62298.91, 0.02082887], [62298.9, 1.1], [62292.67, 0.02], [62292.15, 0.16048082], [62279.43, 0.02706]], "asks": [[62317.58, 0.01935057], [62320.47, 0.10835389], [62332.62, 0.2], [62337.71, 0.232], [62337.72, 0.4143]], "ts": 1618626566194}
{"bids": [[62298.91, 0.02082887], [62298.9, 1.1], [62292.67, 0.02], [62292.15, 0.16048082], [62279.43, 0.02706]], "asks": [[62317.58, 0.01935057], [62320.47, 0.10835389], [62332.62, 0.2], [62337.72, 0.4143]], "ts": 1618626566222}
{"bids": [[62298.91, 0.02082887], [62298.9, 1.1], [62292.67, 0.02], [62292.15, 0.16048082], [62279.43, 0.02706]], "asks": [[62317.58, 0.01935057], [62320.47, 0.10835389], [62332.62, 0.2], [62337.71, 0.2], [62337.72, 0.4143]], "ts": 1618626566223}
{"bids": [[62298.91, 0.02082887], [62298.9, 1.1], [62292.67, 0.02], [62292.15, 0.16048082], [62279.43, 0.02706]], "asks": [[62317.58, 0.01935057], [62320.47, 0.10835389], [62337.71, 0.2], [62337.72, 0.4143]], "ts": 1618626566224}
{"bids": [[62298.91, 0.02082887], [62298.9, 1.1], [62292.67, 0.02], [62292.15, 0.16048082], [62279.43, 0.02706]], "asks": [[62317.58, 0.01935057], [62320.47, 0.10835389], [62337.7, 0.232], [62337.71, 0.2], [62337.72, 0.4143]], "ts": 1618626566225}
{"bids": [[62298.91, 0.02082887], [62298.9, 1.1], [62292.67, 0.02], [62292.15, 0.16048082], [62279.43, 0.02706]], "asks": [[62317.58, 0.01935057], [62320.47, 0.10835389], [62337.71, 0.2], [62337.72, 0.4143]], "ts": 1618626566226}
{"bids": [[62298.91, 0.02082887], [62298.9, 1.1], [62292.67, 0.02], [62292.15, 0.16048082], [62279.43, 0.02706]], "asks": [[62317.58, 0.01935057], [62320.47, 0.10835389], [62337.71, 0.432], [62337.72, 0.4143]], "ts": 1618626566228}
{"bids": [[62298.91, 0.02082887], [62298.9, 1.1], [62292.67, 0.02], [62292.15, 0.16048082], [62279.43, 0.02706]], "asks": [[62317.58, 0.01935057], [62320.47, 0.10835389], [62337.71, 0.2], [62337.72, 0.4143]], "ts": 1618626566232}
{"bids": [[62298.91, 0.02082887], [62298.9, 1.1], [62292.67, 0.02], [62292.15, 0.16048082], [62279.43, 0.02706]], "asks": [[62317.58, 0.01935057], [62320.47, 0.10835389], [62337.7, 0.232], [62337.71, 0.2], [62337.72, 0.4143]], "ts": 1618626566234}
{"bids": [[62298.91, 0.02082887], [62298.9, 1.1], [62292.67, 0.02], [62292.15, 0.16048082], [62279.43, 0.02706]], "asks": [[62317.58, 0.01505871], [62320.47, 0.10835389], [62337.7, 0.232], [62337.71, 0.2], [62337.72, 0.4143]], "ts": 1618626566283}
{"bids": [[62298.91, 0.02082887], [62298.9, 1.1], [62292.67, 0.02], [62292.15, 0.16048082], [62279.43, 0.02706]], "asks": [[62317.58, 0.01930448], [62320.47, 0.10835389], [62337.7, 0.232], [62337.71, 0.2], [62337.72, 0.4143]], "ts": 1618626566297}
{"bids": [[62298.91, 0.02082887], [62298.9, 1.1], [62292.67, 0.02], [62292.15, 0.16048082], [62279.43, 0.02706]], "asks": [[62317.58, 0.01930448], [62337.7, 0.232], [62337.71, 0.2], [62337.72, 0.4143]], "ts": 1618626566483}
{"bids": [[62298.91, 0.02082887], [62298.9, 1.1], [62292.15, 0.16048082], [62279.43, 0.02706]], "asks": [[62317.58, 0.01930448], [62337.7, 0.232], [62337.71, 0.2], [62337.72, 0.4143]], "ts": 1618626566507}
{"bids": [[62298.91, 0.02082887], [62298.9, 1.1], [62292.15, 0.16048082], [62279.43, 0.02706]], "asks": [[62317.58, 0.01930448], [62337.7, 0.232], [62337.71, 0.2], [62337.72, 0.4143]], "ts": 1618626566510}
{"bids": [[62298.91, 0.02082887], [62298.9, 1.1], [62292.15, 0.16048082], [62279.43, 0.02706]], "asks": [[62317.58, 0.01930448], [62337.7, 0.232], [62337.71, 0.2], [62337.72, 0.4143]], "ts": 1618626566514}
{"bids": [[62298.91, 0.02082887], [62298.9, 1.1], [62292.15, 0.16048082], [62279.43, 0.02706]], "asks": [[62317.58, 0.01930448], [62337.7, 0.232], [62337.72, 0.4143]], "ts": 1618626566528}
{"bids": [[62298.91, 0.02082887], [62298.9, 1.1], [62292.15, 0.16048082], [62279.43, 0.02706]], "asks": [[62317.58, 0.01930448], [62337.72, 0.4143]], "ts": 1618626566530}
{"bids": [[62298.91, 0.02082887], [62298.9, 1.1], [62292.15, 0.16048082], [62279.43, 0.02706]], "asks": [[62317.58, 0.01930448], [62337.72, 0.4143], [62341.99, 0.232]], "ts": 1618626566532}
{"bids": [[62298.91, 0.02082887], [62298.9, 1.1], [62292.15, 0.16048082], [62279.43, 0.02706]], "asks": [[62317.58, 0.01930448], [62337.7, 0.2], [62337.72, 0.4143], [62341.99, 0.232]], "ts": 1618626566533}
{"bids": [[62298.92, 0.02], [62298.91, 0.02082887], [62298.9, 1.1], [62292.15, 0.16048082], [62279.43, 0.02706]], "asks": [[62317.58, 0.01930448], [62337.7, 0.2], [62337.72, 0.4143], [62341.99, 0.232]], "ts": 1618626566535}
{"bids": [[62298.93, 0.01972779], [62298.92, 0.02], [62298.91, 0.02082887], [62298.9, 1.1], [62292.15, 0.16048082]], "asks": [[62317.58, 0.01930448], [62337.7, 0.2], [62337.72, 0.4143], [62341.99, 0.232]], "ts": 1618626566536}
{"bids": [[62298.93, 0.01972779], [62298.92, 0.02], [62298.9, 1.1], [62292.15, 0.16048082]], "asks": [[62317.58, 0.01930448], [62337.7, 0.2], [62337.72, 0.4143], [62341.99, 0.232]], "ts": 1618626566537}
{"bids": [[62298.93, 0.01972779], [62298.92, 0.02], [62298.9, 1.1], [62292.15, 0.16048082], [62277.11, 0.48]], "asks": [[62317.58, 0.01930448], [62337.7, 0.2], [62337.72, 0.4143], [62341.99, 0.232]], "ts": 1618626566538}
{"bids": [[62298.93, 0.01972779], [62298.92, 0.02], [62298.9, 1.1], [62292.15, 0.16048082], [62277.11, 0.48]], "asks": [[62317.58, 0.01930448], [62337.72, 0.4143], [62341.99, 0.232]], "ts": 1618626566539}
{"bids": [[62298.93, 0.01972779], [62298.92, 0.02], [62298.9, 1.1], [62292.15, 0.16048082], [62277.11, 0.48]], "asks": [[62317.58, 0.01930448], [62337.71, 0.2], [62337.72, 0.4143], [62341.99, 0.232]], "ts": 1618626566540}
{"bids": [[62298.93, 0.01972779], [62298.92, 0.02], [62298.9, 1.1], [62292.15, 0.16048082], [62277.11, 0.48]], "asks": [[62317.58, 0.01930448], [62337.71, 0.2], [62337.72, 0.4143], [62341.99, 0.232], [62342.19, 0.48]], "ts": 1618626566541}
{"bids": [[62298.93, 0.01972779], [62298.9, 1.1], [62292.15, 0.16048082], [62277.11, 0.48]], "asks": [[62317.58, 0.01930448], [62337.71, 0.2], [62337.72, 0.4143], [62341.99, 0.232], [62342.19, 0.48]], "ts": 1618626566542}
{"bids": [[62298.94, 0.02], [62298.93, 0.01972779], [62298.9, 1.1], [62292.15, 0.16048082], [62277.11, 0.48]], "asks": [[62317.58, 0.01930448], [62337.71, 0.2], [62337.72, 0.4143], [62341.99, 0.232], [62342.19, 0.48]], "ts": 1618626566578}
{"bids": [[62298.95, 0.01972779], [62298.94, 0.02], [62298.93, 0.01972779], [62298.9, 1.1], [62292.15, 0.16048082]], "asks": [[62317.58, 0.01930448], [62337.71, 0.2], [62337.72, 0.4143], [62341.99, 0.232], [62342.19, 0.48]], "ts": 1618626566580}
{"bids": [[62298.95, 0.01972779], [62298.94, 0.02], [62298.9, 1.1], [62292.15, 0.16048082]], "asks": [[62317.58, 0.01930448], [62337.71, 0.2], [62337.72, 0.4143], [62341.99, 0.232], [62342.19, 0.48]], "ts": 1618626566581}
{"bids": [[62298.95, 0.01972779], [62298.9, 1.1], [62292.15, 0.16048082]], "asks": [[62317.58, 0.01930448], [62337.71, 0.2], [62337.72, 0.4143], [62341.99, 0.232], [62342.19, 0.48]], "ts": 1618626566582}
{"bids": [[62298.95, 0.01972779], [62298.9, 1.1]], "asks": [[62317.58, 0.01930448], [62337.71, 0.2], [62337.72, 0.4143], [62341.99, 0.232], [62342.19, 0.48]], "ts": 1618626566602}
{"bids": [[62298.96, 0.02], [62298.95, 0.01972779], [62298.9, 1.1]], "asks": [[62317.58, 0.01930448], [62337.71, 0.2], [62337.72, 0.4143], [62341.99, 0.232], [62342.19, 0.48]], "ts": 1618626566626}
{"bids": [[62298.97, 0.01972779], [62298.96, 0.02], [62298.95, 0.01972779], [62298.9, 1.1]], "asks": [[62317.58, 0.01930448], [62337.71, 0.2], [62337.72, 0.4143], [62341.99, 0.232], [62342.19, 0.48]], "ts": 1618626566628}
{"bids": [[62298.97, 0.01972779], [62298.96, 0.02], [62298.9, 1.1]], "asks": [[62317.58, 0.01930448], [62337.71, 0.2], [62337.72, 0.4143], [62341.99, 0.232], [62342.19, 0.48]], "ts": 1618626566629}
{"bids": [[62298.97, 0.01972779], [62298.9, 1.1]], "asks": [[62317.58, 0.01930448], [62337.71, 0.2], [62337.72, 0.4143], [62341.99, 0.232], [62342.19, 0.48]], "ts": 1618626566630}
{"bids": [[62298.98, 0.02], [62298.97, 0.01972779], [62298.9, 1.1]], "asks": [[62317.58, 0.01930448], [62337.71, 0.2], [62337.72, 0.4143], [62341.99, 0.232], [62342.19, 0.48]], "ts": 1618626566643}
{"bids": [[62298.99, 0.01972779], [62298.98, 0.02], [62298.97, 0.01972779], [62298.9, 1.1]], "asks": [[62317.58, 0.01930448], [62337.71, 0.2], [62337.72, 0.4143], [62341.99, 0.232], [62342.19, 0.48]], "ts": 1618626566644}
{"bids": [[62298.99, 0.01972779], [62298.98, 0.02], [62298.9, 1.1]], "asks": [[62317.58, 0.01930448], [62337.71, 0.2], [62337.72, 0.4143], [62341.99, 0.232], [62342.19, 0.48]], "ts": 1618626566645}
{"bids": [[62298.99, 0.01972779], [62298.98, 0.02], [62298.9, 1.1], [62294.31, 0.16047544]], "asks": [[62317.58, 0.01930448], [62337.71, 0.2], [62337.72, 0.4143], [62341.99, 0.232], [62342.19, 0.48]], "ts": 1618626566646}
