{"bids": [[62325.99, 0.02269787], [62325.98, 0.02], [62319.23, 0.26], [62316.97, 0.16041824], [62314.14, 0.025]], "asks": [[62343.28, 0.88552829], [62346.39, 0.00612208], [62348.2, 0.6], [62350.11, 0.10040218], [62354.02, 0.4141]], "ts": 1618626627224}
{"bids": [[62325.99, 0.02269787], [62325.98, 0.02], [62319.23, 0.26], [62316.97, 0.16041824], [62314.14, 0.025]], "asks": [[62343.28, 0.88552829], [62346.39, 0.00612208], [62348.2, 0.6], [62350.11, 0.10040218], [62354.02, 0.4141]], "ts": 1618626627227}
{"bids": [[62325.99, 0.02269787], [62325.98, 0.02], [62319.23, 0.26], [62316.97, 0.16041824], [62314.14, 0.025]], "asks": [[62343.28, 0.88552829], [62346.39, 0.00612208], [62348.2, 0.6], [62350.11, 0.10040218], [62354.02, 0.4141]], "ts": 1618626627227}
{"bids": [[62325.99, 0.02269787], [62325.98, 0.02], [62319.23, 0.26], [62316.97, 0.16041824], [62314.14, 0.025]], "asks": [[62343.28, 0.88552829], [62346.39, 0.00612208], [62348.2, 0.6], [62350.11, 0.10040218], [62354.02, 0.4141]], "ts": 1618626627228}
{"bids": [[62325.99, 0.02269787], [62325.98, 0.02], [62319.23, 0.26], [62316.97, 0.16041824], [62314.14, 0.025]], "asks": [[62343.28, 0.88552829], [62346.39, 0.00612208], [62348.2, 0.6], [62350.11, 0.10040218], [62354.02, 0.4141]], "ts": 1618626627229}
{"bids": [[62325.99, 0.02269787], [62325.98, 0.02], [62319.23, 0.26], [62316.97, 0.16041824], [62314.14, 0.025]], "asks": [[62343.27, 0.02], [62343.28, 0.88552829], [62346.39, 0.00612208], [62348.2, 0.6], [62350.11, 0.10040218]], "ts": 1618626627229}
{"bids": [[62325.99, 0.02269787], [62325.98, 0.02], [62319.23, 0.26], [62316.97, 0.16041824], [62314.14, 0.025]], "asks": [[62343.27, 0.02], [62343.28, 0.88552829], [62346.39, 0.00612208], [62348.2, 0.6], [62350.11, 0.10040218]], "ts": 1618626627230}
{"bids": [[62325.99, 0.02269787], [62325.98, 0.02], [62319.23, 0.26], [62316.97, 0.16041824], [62314.14, 0.025]], "asks": [[62343.27, 0.02], [62343.28, 0.88552829], [62346.39, 0.00612208], [62348.2, 0.6], [62350.11, 0.10040218]], "ts": 1618626627230}
{"bids": [[62325.99, 0.02269787], [62325.98, 0.02], [62319.23, 0.26], [62316.97, 0.16041824], [62314.14, 0.025]], "asks": [[62343.27, 0.02], [62343.28, 0.88552829], [62346.39, 0.00612208], [62348.2, 0.6], [62350.11, 0.10040218]], "ts": 1618626627231}
{"bids": [[62325.99, 0.02269787], [62325.98, 0.02], [62319.23, 0.26], [62316.97, 0.16041824], [62314.14, 0.025]], "asks": [[62343.27, 0.02], [62343.28, 0.88552829], [62346.39, 0.00612208], [62348.2, 0.6], [62350.11, 0.10040218]], "ts": 1618626627231}
{"bids": [[62325.99, 0.02269787], [62325.98, 0.02], [62319.23, 0.26], [62316.97, 0.16041824], [62314.14, 0.025]], "asks": [[62343.27, 0.02], [62343.28, 0.88552829], [62346.39, 0.00612208], [62348.2, 0.6], [62350.11, 0.10040218]], "ts": 1618626627232}
{"bids": [[62325.99, 0.02269787], [62325.98, 0.02], [62319.23, 0.26], [62316.97, 0.16041824], [62314.14, 0.025]], "asks": [[62343.27, 0.02], [62343.28, 0.88552829], [62346.39, 0.00612208], [62348.2, 0.6], [62350.11, 0.10040218]], "ts": 1618626627232}
{"bids": [[62325.99, 0.02269787], [62325.98, 0.02], [62319.23, 0.26], [62316.97, 0.16041824], [62314.14, 0.025]], "asks": [[62343.27, 0.02], [62343.28, 0.88552829], [62346.39, 0.00612208], [62348.2, 0.6], [62350.11, 0.10040218]], "ts": 1618626627233}
{"bids": [[62325.99, 0.02269787], [62325.98, 0.02], [62319.23, 0.26], [62316.97, 0.16041824], [62314.14, 0.025]], "asks": [[62343.27, 0.02], [62343.28, 0.88552829], [62346.39, 0.00612208], [62348.2, 0.6], [62350.11, 0.10040218]], "ts": 1618626627233}
{"bids": [[62325.99, 0.02269787], [62325.98, 0.02], [62319.23, 0.26], [62316.97, 0.16041824], [62314.14, 0.025]], "asks": [[62343.27, 0.02], [62343.28, 0.88552829], [62346.39, 0.00612208], [62348.2, 0.6], [62350.11, 0.10040218]], "ts": 1618626627234}
{"bids": [[62325.99, 0.02269787], [62325.98, 0.02], [62319.23, 0.26], [62316.97, 0.16041824], [62314.14, 0.025]], "asks": [[62343.27, 0.02], [62343.28, 0.88552829], [62346.39, 0.00612208], [62348.2, 0.6], [62350.11, 0.10040218]], "ts": 1618626627234}
{"bids": [[62325.99, 0.02269787], [62325.98, 0.02], [62319.23, 0.26], [62316.97, 0.16041824], [62314.14, 0.025]], "asks": [[62343.27, 0.02], [62343.28, 0.88552829], [62346.39, 0.00612208], [62348.2, 0.6], [62350.11, 0.10040218]], "ts": 1618626627235}
{"bids": [[62325.99, 0.02269787], [62325.98, 0.02], [62319.23, 0.26], [62316.97, 0.16041824], [62314.14, 0.025]], "asks": [[62343.27, 0.02], [62343.28, 0.88552829], [62346.39, 0.00612208], [62348.2, 0.6], [62350.11, 0.10040218]], "ts": 1618626627235}
{"bids": [[62325.99, 0.02269787], [62325.98, 0.02], [62319.23, 0.26], [62316.97, 0.16041824], [62314.14, 0.025]], "asks": [[62343.27, 0.02], [62343.28, 0.88552829], [62346.39, 0.00612208], [62348.2, 0.6], [62350.11, 0.10040218]], "ts": 1618626627236}
{"bids": [[62325.99, 0.02269787], [62325.98, 0.02], [62319.23, 0.26], [62316.97, 0.16041824], [62314.14, 0.025]], "asks": [[62343.27, 0.02], [62343.28, 0.88552829], [62346.39, 0.00612208], [62348.2, 0.6], [62350.11, 0.10040218]], "ts": 1618626627236}
{"bids": [[62325.99, 0.02269787], [62325.98, 0.02], [62319.23, 0.26], [62316.97, 0.16041824], [62314.14, 0.025]], "asks": [[62343.27, 0.02], [62343.28, 0.88552829], [62346.39, 0.00612208], [62348.2, 0.6], [62350.11, 0.10040218]], "ts": 1618626627237}
{"bids": [[62325.99, 0.02269787], [62325.98, 0.02], [62319.23, 0.26], [62316.97, 0.16041824], [62314.14, 0.025]], "asks": [[62343.27, 0.02], [62343.28, 0.88552829], [62346.39, 0.00612208], [62348.2, 0.6], [62350.11, 0.10040218]], "ts": 1618626627237}
{"bids": [[62325.99, 0.02269787], [62325.98, 0.02], [62319.23, 0.26], [62316.97, 0.16041824], [62314.14, 0.025]], "asks": [[62343.27, 0.02], [62343.28, 0.88552829], [62346.39, 0.00612208], [62348.2, 0.6], [62350.11, 0.10040218]], "ts": 1618626627238}
{"bids": [[62325.99, 0.02269787], [62325.98, 0.02], [62319.23, 0.26], [62316.97, 0.16041824], [62314.14, 0.025]], "asks": [[62343.27, 0.02], [62343.28, 0.88552829], [62346.39, 0.00612208], [62348.2, 0.6], [62350.11, 0.10040218]], "ts": 1618626627238}
{"bids": [[62325.99, 0.02269787], [62325.98, 0.02], [62319.23, 0.26], [62316.97, 0.16041824], [62314.14, 0.025]], "asks": [[62343.27, 0.02], [62343.28, 0.88552829], [62346.39, 0.00612208], [62348.2, 0.6], [62350.11, 0.10040218]], "ts": 1618626627239}
{"bids": [[62325.99, 0.02269787], [62325.98, 0.02], [62319.23, 0.26], [62316.97, 0.16041824], [62314.14, 0.025]], "asks": [[62343.27, 0.02], [62343.28, 0.88552829], [62346.39, 0.00612208], [62348.2, 0.6], [62350.11, 0.10040218]], "ts": 1618626627240}
{"bids": [[62325.99, 0.02269787], [62325.98, 0.02], [62319.23, 0.26], [62316.97, 0.16041824], [62314.14, 0.025]], "asks": [[62343.27, 0.02], [62343.28, 0.88552829], [62346.39, 0.00612208], [62348.2, 0.6], [62350.11, 0.10040218]], "ts": 1618626627240}
{"bids": [[62325.99, 0.02269787], [62325.98, 0.02], [62319.23, 0.26], [62316.97, 0.16041824], [62314.14, 0.025]], "asks": [[62343.27, 0.02], [62343.28, 0.88552829], [62346.39, 0.00612208], [62348.2, 0.6], [62350.11, 0.10040218]], "ts": 1618626627240}
{"bids": [[62325.99, 0.02269787], [62325.98, 0.02], [62319.23, 0.26], [62316.97, 0.16041824], [62314.14, 0.025]], "asks": [[62343.27, 0.02], [62343.28, 0.88552829], [62346.39, 0.00612208], [62348.2, 0.6], [62350.11, 0.10040218]], "ts": 1618626627241}
{"bids": [[62325.99, 0.02269787], [62325.98, 0.02], [62319.23, 0.26], [62316.97, 0.16041824], [62314.14, 0.025]], "asks": [[62343.27, 0.02], [62343.28, 0.88552829], [62346.39, 0.00612208], [62348.2, 0.6], [62350.11, 0.10040218]], "ts": 1618626627241}
{"bids": [[62325.99, 0.02269787], [62325.98, 0.02], [62319.23, 0.26], [62316.97, 0.16041824], [62314.14, 0.025]], "asks": [[62343.27, 0.02], [62343.28, 0.88552829], [62346.39, 0.00612208], [62348.2, 0.6], [62350.11, 0.10040218]], "ts": 1618626627242}
{"bids": [[62325.99, 0.02269787], [62325.98, 0.02], [62319.23, 0.26], [62316.97, 0.16041824], [62314.14, 0.025]], "asks": [[62343.27, 0.02], [62343.28, 0.88552829], [62346.39, 0.00612208], [62348.2, 0.6], [62350.11, 0.10040218]], "ts": 1618626627242}
{"bids": [[62325.99, 0.02269787], [62325.98, 0.02], [62319.23, 0.26], [62316.97, 0.16041824], [62314.14, 0.025]], "asks": [[62343.27, 0.02], [62343.28, 0.88552829], [62346.39, 0.00612208], [62348.2, 0.6], [62350.11, 0.10040218]], "ts": 1618626627243}
{"bids": [[62325.99, 0.02269787], [62325.98, 0.02], [62319.23, 0.26], [62316.97, 0.16041824], [62314.14, 0.025]], "asks": [[62343.27, 0.02], [62343.28, 0.88552829], [62346.39, 0.00612208], [62348.2, 0.6], [62350.11, 0.10040218]], "ts": 1618626627243}
{"bids": [[62325.99, 0.02269787], [62325.98, 0.02], [62319.23, 0.26], [62316.97, 0.16041824], [62314.14, 0.025]], "asks": [[62343.27, 0.02], [62343.28, 0.88552829], [62346.39, 0.00612208], [62348.2, 0.6], [62350.11, 0.10040218]], "ts": 1618626627244}
{"bids": [[62325.99, 0.02269787], [62325.98, 0.02], [62319.23, 0.26], [62316.97, 0.16041824], [62314.14, 0.025]], "asks": [[62343.27, 0.02], [62343.28, 0.88552829], [62346.39, 0.00612208], [62348.2, 0.6], [62350.11, 0.10040218]], "ts": 1618626627244}
{"bids": [[62325.99, 0.02269787], [62325.98, 0.02], [62319.23, 0.26], [62316.97, 0.16041824], [62314.14, 0.025]], "asks": [[62343.27, 0.02], [62343.28, 0.88552829], [62346.39, 0.00612208], [62348.2, 0.6], [62350.11, 0.10040218]], "ts": 1618626627245}
{"bids": [[62325.99, 0.02269787], [62325.98, 0.02], [62319.23, 0.26], [62316.97, 0.16041824], [62314.14, 0.025]], "asks": [[62343.27, 0.02], [62343.28, 0.88552829], [62346.39, 0.00612208], [62348.2, 0.6], [62350.11, 0.10040218]], "ts": 1618626627246}
{"bids": [[62325.99, 0.02269787], [62325.98, 0.02], [62319.23, 0.26], [62316.97, 0.16041824], [62314.14, 0.025]], "asks": [[62343.27, 0.02], [62343.28, 0.88552829], [62346.39, 0.00612208], [62348.2, 0.6], [62350.11, 0.10040218]], "ts": 1618626627246}
{"bids": [[62325.99, 0.02269787], [62325.98, 0.02], [62319.23, 0.26], [62316.97, 0.16041824], [62314.14, 0.025]], "asks": [[62343.27, 0.02], [62343.28, 0.88552829], [62346.39, 0.00612208], [62348.2, 0.6], [62350.11, 0.10040218]], "ts": 1618626627246}
{"bids": [[62325.99, 0.02269787], [62325.98, 0.02], [62319.23, 0.26], [62316.97, 0.16041824], [62314.14, 0.025]], "asks": [[62343.27, 0.02], [62343.28, 0.88552829], [62346.39, 0.00612208], [62348.2, 0.6], [62350.11, 0.10040218]], "ts": 1618626627247}
{"bids": [[62325.99, 0.02269787], [62325.98, 0.02], [62319.23, 0.26], [62316.97, 0.16041824], [62314.14, 0.025]], "asks": [[62343.27, 0.02], [62343.28, 0.88552829], [62346.39, 0.00612208], [62348.2, 0.6], [62350.11, 0.10040218]], "ts": 1618626627247}
{"bids": [[62325.99, 0.02269787], [62325.98, 0.02], [62319.23, 0.26], [62316.97, 0.16041824], [62314.14, 0.025]], "asks": [[62343.27, 0.02], [62343.28, 0.88552829], [62346.39, 0.00612208], [62348.2, 0.6], [62350.11, 0.10040218]], "ts": 1618626627248}
{"bids": [[62325.99, 0.02269787], [62325.98, 0.02], [62319.23, 0.26], [62316.97, 0.16041824], [62314.14, 0.025]], "asks": [[62343.27, 0.02], [62343.28, 0.88552829], [62346.39, 0.00612208], [62348.2, 0.6], [62350.11, 0.10040218]], "ts": 1618626627248}
{"bids": [[62325.99, 0.02269787], [62325.98, 0.02], [62319.23, 0.26], [62316.97, 0.16041824], [62314.14, 0.025]], "asks": [[62343.27, 0.02], [62343.28, 0.88552829], [62346.39, 0.00612208], [62348.2, 0.6], [62350.11, 0.10040218]], "ts": 1618626627249}
{"bids": [[62325.99, 0.02269787], [62325.98, 0.02], [62319.23, 0.26], [62316.97, 0.16041824], [62314.14, 0.025]], "asks": [[62343.27, 0.02], [62343.28, 0.88552829], [62346.39, 0.00612208], [62348.2, 0.6], [62350.11, 0.10040218]], "ts": 1618626627249}
{"bids": [[62325.99, 0.02269787], [62325.98, 0.02], [62319.23, 0.26], [62316.97, 0.16041824], [62314.14, 0.025]], "asks": [[62343.27, 0.02], [62343.28, 0.88552829], [62346.39, 0.00612208], [62348.2, 0.6], [62350.11, 0.10040218]], "ts": 1618626627250}
{"bids": [[62325.99, 0.02269787], [62325.98, 0.02], [62319.23, 0.26], [62316.97, 0.16041824], [62314.14, 0.025]], "asks": [[62343.27, 0.02], [62343.28, 0.88552829], [62346.39, 0.00612208], [62348.2, 0.6], [62350.11, 0.10040218]], "ts": 1618626627250}
{"bids": [[62325.99, 0.02269787], [62325.98, 0.02], [62319.23, 0.26], [62316.97, 0.16041824], [62314.14, 0.025]], "asks": [[62343.27, 0.02], [62343.28, 0.88552829], [62346.39, 0.00612208], [62348.2, 0.6], [62350.11, 0.10040218]], "ts": 1618626627251}
{"bids": [[62325.99, 0.02269787], [62325.98, 0.02], [62319.23, 0.26], [62316.97, 0.16041824], [62314.14, 0.025]], "asks": [[62343.27, 0.02], [62343.28, 0.88552829], [62346.39, 0.00612208], [62348.2, 0.6], [62350.11, 0.10040218]], "ts": 1618626627251}
{"bids": [[62325.99, 0.02269787], [62325.98, 0.02], [62319.23, 0.26], [62316.97, 0.16041824], [62314.14, 0.025]], "asks": [[62343.27, 0.02], [62343.28, 0.88552829], [62346.39, 0.00612208], [62348.2, 0.6], [62350.11, 0.10040218]], "ts": 1618626627252}
{"bids": [[62325.99, 0.02269787], [62325.98, 0.02], [62319.23, 0.26], [62316.97, 0.16041824], [62314.14, 0.025]], "asks": [[62343.27, 0.02], [62343.28, 0.88552829], [62346.39, 0.00612208], [62348.2, 0.6], [62350.11, 0.10040218]], "ts": 1618626627252}
{"bids": [[62325.99, 0.02269787], [62325.98, 0.02], [62319.23, 0.26], [62316.97, 0.16041824], [62314.14, 0.025]], "asks": [[62343.27, 0.02], [62343.28, 0.88552829], [62346.39, 0.00612208], [62348.2, 0.6], [62350.11, 0.10040218]], "ts": 1618626627252}
{"bids": [[62325.99, 0.02269787], [62325.98, 0.02], [62319.23, 0.26], [62316.97, 0.16041824], [62314.14, 0.025]], "asks": [[62343.27, 0.02], [62343.28, 0.88552829], [62346.39, 0.00612208], [62348.2, 0.6], [62350.11, 0.10040218]], "ts": 1618626627253}
{"bids": [[62325.99, 0.02269787], [62325.98, 0.02], [62319.23, 0.26], [62316.97, 0.16041824], [62314.14, 0.025]], "asks": [[62343.27, 0.02], [62343.28, 0.88552829], [62346.39, 0.00612208], [62348.2, 0.6], [62350.11, 0.10040218]], "ts": 1618626627254}
{"bids": [[62325.99, 0.02269787], [62325.98, 0.02], [62319.23, 0.26], [62316.97, 0.16041824], [62314.14, 0.025]], "asks": [[62343.27, 0.02], [62343.28, 0.88552829], [62346.39, 0.00612208], [62348.2, 0.6], [62350.11, 0.10040218]], "ts": 1618626627254}
{"bids": [[62325.99, 0.02269787], [62325.98, 0.02], [62319.23, 0.26], [62316.97, 0.16041824], [62314.14, 0.025]], "asks": [[62343.27, 0.02], [62343.28, 0.88552829], [62346.39, 0.00612208], [62348.2, 0.6], [62350.11, 0.10040218]], "ts": 1618626627254}
{"bids": [[62325.99, 0.02269787], [62325.98, 0.02], [62319.23, 0.26], [62316.97, 0.16041824], [62314.14, 0.025]], "asks": [[62343.27, 0.02], [62343.28, 0.88552829], [62346.39, 0.00612208], [62348.2, 0.6], [62350.11, 0.10040218]], "ts": 1618626627255}
{"bids": [[62325.99, 0.02269787], [62325.98, 0.02], [62319.23, 0.26], [62316.97, 0.16041824], [62314.14, 0.025]], "asks": [[62343.27, 0.02], [62343.28, 0.88552829], [62346.39, 0.00612208], [62348.2, 0.6], [62350.11, 0.10040218]], "ts": 1618626627255}
{"bids": [[62325.99, 0.02269787], [62325.98, 0.02], [62319.23, 0.26], [62316.97, 0.16041824], [62314.14, 0.025]], "asks": [[62343.27, 0.02], [62343.28, 0.88552829], [62346.39, 0.00612208], [62348.2, 0.6], [62350.11, 0.10040218]], "ts": 1618626627256}
{"bids": [[62325.99, 0.02269787], [62325.98, 0.02], [62319.23, 0.26], [62316.97, 0.16041824], [62314.14, 0.025]], "asks": [[62343.27, 0.02], [62343.28, 0.88552829], [62346.39, 0.00612208], [62348.2, 0.6], [62350.11, 0.10040218]], "ts": 1618626627256}
{"bids": [[62325.99, 0.02269787], [62325.98, 0.02], [62319.23, 0.26], [62316.97, 0.16041824], [62314.14, 0.025]], "asks": [[62343.27, 0.02], [62343.28, 0.88552829], [62346.39, 0.00612208], [62348.2, 0.6], [62350.11, 0.10040218]], "ts": 1618626627257}
{"bids": [[62325.99, 0.02269787], [62325.98, 0.02], [62319.23, 0.26], [62316.97, 0.16041824], [62314.14, 0.025]], "asks": [[62343.27, 0.02], [62343.28, 0.88552829], [62346.39, 0.00612208], [62348.2, 0.6], [62350.11, 0.10040218]], "ts": 1618626627257}
{"bids": [[62325.99, 0.02269787], [62325.98, 0.02], [62319.23, 0.26], [62316.97, 0.16041824], [62314.14, 0.025]], "asks": [[62343.27, 0.02], [62343.28, 0.88552829], [62346.39, 0.00612208], [62348.2, 0.6], [62350.11, 0.10040218]], "ts": 1618626627258}
{"bids": [[62325.99, 0.02269787], [62325.98, 0.02], [62319.23, 0.26], [62316.97, 0.16041824], [62314.14, 0.025]], "asks": [[62343.27, 0.02], [62343.28, 0.88552829], [62346.39, 0.00612208], [62348.2, 0.6], [62350.11, 0.10040218]], "ts": 1618626627258}
{"bids": [[62325.99, 0.02269787], [62325.98, 0.02], [62319.23, 0.26], [62316.97, 0.16041824], [62314.14, 0.025]], "asks": [[62343.27, 0.02], [62343.28, 0.88552829], [62346.39, 0.00612208], [62348.2, 0.6], [62350.11, 0.10040218]], "ts": 1618626627259}
{"bids": [[62325.99, 0.02269787], [62325.98, 0.02], [62319.23, 0.26], [62316.97, 0.16041824], [62314.14, 0.025]], "asks": [[62343.27, 0.02], [62343.28, 0.88552829], [62346.39, 0.00612208], [62348.2, 0.6], [62350.11, 0.10040218]], "ts": 1618626627259}
{"bids": [[62325.99, 0.02269787], [62325.98, 0.02], [62319.23, 0.26], [62316.97, 0.16041824], [62314.14, 0.025]], "asks": [[62343.27, 0.02], [62343.28, 0.88552829], [62346.39, 0.00612208], [62348.2, 0.6], [62350.11, 0.10040218]], "ts": 1618626627260}
{"bids": [[62325.99, 0.02269787], [62325.98, 0.02], [62319.23, 0.26], [62316.97, 0.16041824], [62314.14, 0.025]], "asks": [[62343.27, 0.02], [62343.28, 0.88552829], [62346.39, 0.00612208], [62348.2, 0.6], [62350.11, 0.10040218]], "ts": 1618626627260}
{"bids": [[62325.99, 0.02269787], [62325.98, 0.02], [62319.23, 0.26], [62316.97, 0.16041824], [62314.14, 0.025]], "asks": [[62343.27, 0.02], [62343.28, 0.88552829], [62346.39, 0.00612208], [62348.2, 0.6], [62350.11, 0.10040218]], "ts": 1618626627261}
{"bids": [[62325.99, 0.02269787], [62325.98, 0.02], [62319.23, 0.26], [62316.97, 0.16041824], [62314.14, 0.025]], "asks": [[62343.27, 0.02], [62343.28, 0.88552829], [62346.39, 0.00612208], [62348.2, 0.6], [62350.11, 0.10040218]], "ts": 1618626627261}
{"bids": [[62325.99, 0.02269787], [62325.98, 0.02], [62319.23, 0.26], [62316.97, 0.16041824], [62314.14, 0.025]], "asks": [[62343.27, 0.02], [62343.28, 0.88552829], [62346.39, 0.00612208], [62348.2, 0.6], [62350.11, 0.10040218]], "ts": 1618626627262}
{"bids": [[62325.99, 0.02269787], [62325.98, 0.02], [62319.23, 0.26], [62316.97, 0.16041824], [62314.14, 0.025]], "asks": [[62343.27, 0.02], [62343.28, 0.88552829], [62346.39, 0.00612208], [62348.2, 0.6], [62350.11, 0.10040218]], "ts": 1618626627262}
{"bids": [[62325.99, 0.02269787], [62325.98, 0.02], [62319.23, 0.26], [62316.97, 0.16041824], [62314.14, 0.025]], "asks": [[62343.27, 0.02], [62343.28, 0.88552829], [62346.39, 0.00612208], [62348.2, 0.6], [62350.11, 0.10040218]], "ts": 1618626627263}
{"bids": [[62325.99, 0.02269787], [62325.98, 0.02], [62319.23, 0.26], [62316.97, 0.16041824], [62314.14, 0.025]], "asks": [[62343.27, 0.02], [62343.28, 0.88552829], [62346.39, 0.00612208], [62348.2, 0.6], [62350.11, 0.10040218]], "ts": 1618626627263}
{"bids": [[62325.99, 0.02269787], [62325.98, 0.02], [62319.23, 0.26], [62316.97, 0.16041824], [62314.14, 0.025]], "asks": [[62343.27, 0.02], [62343.28, 0.88552829], [62346.39, 0.00612208], [62348.2, 0.6], [62350.11, 0.10040218]], "ts": 1618626627264}
{"bids": [[62325.99, 0.02269787], [62325.98, 0.02], [62319.23, 0.26], [62316.97, 0.16041824], [62314.14, 0.025]], "asks": [[62343.27, 0.02], [62343.28, 0.88552829], [62346.39, 0.00612208], [62348.2, 0.6], [62350.11, 0.10040218]], "ts": 1618626627265}
{"bids": [[62325.99, 0.02269787], [62325.98, 0.02], [62319.23, 0.26], [62316.97, 0.16041824], [62314.14, 0.025]], "asks": [[62343.27, 0.02], [62343.28, 0.88552829], [62346.39, 0.00612208], [62348.2, 0.6], [62350.11, 0.10040218]], "ts": 1618626627265}
{"bids": [[62325.99, 0.02269787], [62325.98, 0.02], [62319.23, 0.26], [62316.97, 0.16041824], [62314.14, 0.025]], "asks": [[62343.27, 0.02], [62343.28, 0.88552829], [62346.39, 0.00612208], [62348.2, 0.6], [62350.11, 0.10040218]], "ts": 1618626627266}
{"bids": [[62325.99, 0.02269787], [62325.98, 0.02], [62319.23, 0.26], [62316.97, 0.16041824], [62314.14, 0.025]], "asks": [[62343.27, 0.02], [62343.28, 0.88552829], [62346.39, 0.00612208], [62348.2, 0.6], [62350.11, 0.10040218]], "ts": 1618626627266}
{"bids": [[62325.99, 0.02269787], [62325.98, 0.02], [62319.23, 0.26], [62316.97, 0.16041824], [62314.14, 0.025]], "asks": [[62343.27, 0.02], [62343.28, 0.88552829], [62346.39, 0.00612208], [62348.2, 0.6], [62350.11, 0.10040218]], "ts": 1618626627267}
{"bids": [[62325.99, 0.02269787], [62325.98, 0.02], [62319.23, 0.26], [62316.97, 0.16041824], [62314.14, 0.025]], "asks": [[62343.27, 0.02], [62343.28, 0.88552829], [62346.39, 0.00612208], [62348.2, 0.6], [62350.11, 0.10040218]], "ts": 1618626627267}
{"bids": [[62325.99, 0.02269787], [62325.98, 0.02], [62319.23, 0.26], [62316.97, 0.16041824], [62314.14, 0.025]], "asks": [[62343.27, 0.02], [62343.28, 0.88552829], [62346.39, 0.00612208], [62348.2, 0.6], [62350.11, 0.10040218]], "ts": 1618626627268}
{"bids": [[62325.99, 0.02269787], [62325.98, 0.02], [62319.23, 0.26], [62316.97, 0.16041824], [62314.14, 0.025]], "asks": [[62343.27, 0.02], [62343.28, 0.88552829], [62346.39, 0.00612208], [62348.2, 0.6], [62350.11, 0.10040218]], "ts": 1618626627268}
{"bids": [[62325.99, 0.02269787], [62325.98, 0.02], [62319.23, 0.26], [62316.97, 0.16041824], [62314.14, 0.025]], "asks": [[62343.27, 0.02], [62343.28, 0.88552829], [62346.39, 0.00612208], [62348.2, 0.6], [62350.11, 0.10040218]], "ts": 1618626627268}
{"bids": [[62325.99, 0.02269787], [62325.98, 0.02], [62319.23, 0.26], [62316.97, 0.16041824], [62314.14, 0.025]], "asks": [[62343.27, 0.02], [62343.28, 0.88552829], [62346.39, 0.00612208], [62348.2, 0.6], [62350.11, 0.10040218]], "ts": 1618626627269}
{"bids": [[62325.99, 0.02269787], [62325.98, 0.02], [62319.23, 0.26], [62316.97, 0.16041824], [62314.14, 0.025]], "asks": [[62343.27, 0.02], [62343.28, 0.88552829], [62346.39, 0.00612208], [62348.2, 0.6], [62350.11, 0.10040218]], "ts": 1618626627269}
{"bids": [[62325.99, 0.02269787], [62325.98, 0.02], [62319.23, 0.26], [62316.97, 0.16041824], [62314.14, 0.025]], "asks": [[62343.27, 0.02], [62343.28, 0.88552829], [62346.39, 0.00612208], [62348.2, 0.6], [62350.11, 0.10040218]], "ts": 1618626627270}
{"bids": [[62325.99, 0.02269787], [62325.98, 0.02], [62319.23, 0.26], [62316.97, 0.16041824], [62314.14, 0.025]], "asks": [[62343.27, 0.02], [62343.28, 0.88552829], [62346.39, 0.00612208], [62348.2, 0.6], [62350.11, 0.10040218]], "ts": 1618626627270}
{"bids": [[62325.99, 0.02269787], [62325.98, 0.02], [62319.23, 0.26], [62316.97, 0.16041824], [62314.14, 0.025]], "asks": [[62343.27, 0.02], [62343.28, 0.88552829], [62346.39, 0.00612208], [62348.2, 0.6], [62350.11, 0.10040218]], "ts": 1618626627271}
{"bids": [[62325.99, 0.02269787], [62325.98, 0.02], [62319.23, 0.26], [62316.97, 0.16041824], [62314.14, 0.025]], "asks": [[62343.27, 0.02], [62343.28, 0.88552829], [62346.39, 0.00612208], [62348.2, 0.6], [62350.11, 0.10040218]], "ts": 1618626627271}
{"bids": [[62325.99, 0.02269787], [62325.98, 0.02], [62319.23, 0.26], [62316.97, 0.16041824], [62314.14, 0.025]], "asks": [[62343.27, 0.02], [62343.28, 0.88552829], [62346.39, 0.00612208], [62348.2, 0.6], [62350.11, 0.10040218]], "ts": 1618626627272}
{"bids": [[62325.99, 0.02269787], [62325.98, 0.02], [62319.23, 0.26], [62316.97, 0.16041824], [62314.14, 0.025]], "asks": [[62343.27, 0.02], [62343.28, 0.88552829], [62346.39, 0.00612208], [62348.2, 0.6], [62350.11, 0.10040218]], "ts": 1618626627272}
{"bids": [[62325.99, 0.02269787], [62325.98, 0.02], [62319.23, 0.26], [62316.97, 0.16041824], [62314.14, 0.025]], "asks": [[62343.27, 0.02], [62343.28, 0.88552829], [62346.39, 0.00612208], [62348.2, 0.6], [62350.11, 0.10040218]], "ts": 1618626627273}
{"bids": [[62325.99, 0.02269787], [62325.98, 0.02], [62319.23, 0.26], [62316.97, 0.16041824], [62314.14, 0.025]], "asks": [[62343.27, 0.02], [62343.28, 0.88552829], [62346.39, 0.00612208], [62348.2, 0.6], [62350.11, 0.10040218]], "ts": 1618626627273}
{"bids": [[62325.99, 0.02269787], [62325.98, 0.02], [62319.23, 0.26], [62316.97, 0.16041824], [62314.14, 0.025]], "asks": [[62343.27, 0.02], [62343.28, 0.88552829], [62346.39, 0.00612208], [62348.2, 0.6], [62350.11, 0.10040218]], "ts": 1618626627274}
{"bids": [[62325.99, 0.02269787], [62325.98, 0.02], [62319.23, 0.26], [62316.97, 0.16041824], [62314.14, 0.025]], "asks": [[62343.27, 0.02], [62343.28, 0.88552829], [62346.39, 0.00612208], [62348.2, 0.6], [62350.11, 0.10040218]], "ts": 1618626627274}
{"bids": [[62325.99, 0.02269787], [62325.98, 0.02], [62319.23, 0.26], [62316.97, 0.16041824], [62314.14, 0.025]], "asks": [[62343.27, 0.02], [62343.28, 0.88552829], [62346.39, 0.00612208], [62348.2, 0.6], [62350.11, 0.10040218]], "ts": 1618626627275}
{"bids": [[62325.99, 0.02269787], [62325.98, 0.02], [62319.23, 0.26], [62316.97, 0.16041824], [62314.14, 0.025]], "asks": [[62343.27, 0.02], [62343.28, 0.88552829], [62346.39, 0.00612208], [62348.2, 0.6], [62350.11, 0.10040218]], "ts": 1618626627275}
{"bids": [[62325.99, 0.02269787], [62325.98, 0.02], [62319.23, 0.26], [62316.97, 0.16041824], [62314.14, 0.025]], "asks": [[62343.27, 0.02], [62343.28, 0.88552829], [62346.39, 0.00612208], [62348.2, 0.6], [62350.11, 0.10040218]], "ts": 1618626627276}
{"bids": [[62325.99, 0.02269787], [62325.98, 0.02], [62319.23, 0.26], [62316.97, 0.16041824], [62314.14, 0.025]], "asks": [[62343.27, 0.02], [62343.28, 0.88552829], [62346.39, 0.00612208], [62348.2, 0.6], [62350.11, 0.10040218]], "ts": 1618626627276}
{"bids": [[62325.99, 0.02269787], [62325.98, 0.02], [62319.23, 0.26], [62316.97, 0.16041824], [62314.14, 0.025]], "asks": [[62343.27, 0.02], [62343.28, 0.88552829], [62346.39, 0.00612208], [62348.2, 0.6], [62350.11, 0.10040218]], "ts": 1618626627277}
{"bids": [[62325.99, 0.02269787], [62325.98, 0.02], [62319.23, 0.26], [62316.97, 0.16041824], [62314.14, 0.025]], "asks": [[62343.27, 0.02], [62343.28, 0.88552829], [62346.39, 0.00612208], [62348.2, 0.6], [62350.11, 0.10040218]], "ts": 1618626627277}
{"bids": [[62325.99, 0.02269787], [62325.98, 0.02], [62319.23, 0.26], [62316.97, 0.16041824], [62314.14, 0.025]], "asks": [[62343.27, 0.02], [62343.28, 0.88552829], [62346.39, 0.00612208], [62348.2, 0.6], [62350.11, 0.10040218]], "ts": 1618626627278}
{"bids": [[62325.99, 0.02269787], [62325.98, 0.02], [62319.23, 0.26], [62316.97, 0.16041824], [62314.14, 0.025]], "asks": [[62343.27, 0.02], [62343.28, 0.88552829], [62346.39, 0.00612208], [62348.2, 0.6], [62350.11, 0.10040218]], "ts": 1618626627278}
{"bids": [[62325.99, 0.02269787], [62325.98, 0.02], [62319.23, 0.26], [62316.97, 0.16041824], [62314.14, 0.025]], "asks": [[62343.27, 0.02], [62343.28, 0.88552829], [62346.39, 0.00612208], [62348.2, 0.6], [62350.11, 0.10040218]], "ts": 1618626627279}
{"bids": [[62325.99, 0.02269787], [62325.98, 0.02], [62319.23, 0.26], [62316.97, 0.16041824], [62314.14, 0.025]], "asks": [[62343.27, 0.02], [62343.28, 0.88552829], [62346.39, 0.00612208], [62348.2, 0.6], [62350.11, 0.10040218]], "ts": 1618626627279}
{"bids": [[62325.99, 0.02269787], [62325.98, 0.02], [62319.23, 0.26], [62316.97, 0.16041824], [62314.14, 0.025]], "asks": [[62343.27, 0.02], [62343.28, 0.88552829], [62346.39, 0.00612208], [62348.2, 0.6], [62350.11, 0.10040218]], "ts": 1618626627280}
{"bids": [[62325.99, 0.02269787], [62325.98, 0.02], [62319.23, 0.26], [62316.97, 0.16041824], [62314.14, 0.025]], "asks": [[62343.27, 0.02], [62343.28, 0.88552829], [62346.39, 0.00612208], [62348.2, 0.6], [62350.11, 0.10040218]], "ts": 1618626627280}
{"bids": [[62325.99, 0.02269787], [62325.98, 0.02], [62319.23, 0.26], [62316.97, 0.16041824], [62314.14, 0.025]], "asks": [[62343.27, 0.02], [62343.28, 0.88552829], [62346.39, 0.00612208], [62348.2, 0.6], [62350.11, 0.10040218]], "ts": 1618626627281}
{"bids": [[62325.99, 0.02269787], [62325.98, 0.02], [62319.23, 0.26], [62316.97, 0.16041824], [62314.14, 0.025]], "asks": [[62343.27, 0.02], [62343.28, 0.88552829], [62346.39, 0.00612208], [62348.2, 0.6], [62350.11, 0.10040218]], "ts": 1618626627281}
{"bids": [[62325.99, 0.02269787], [62325.98, 0.02], [62319.23, 0.26], [62316.97, 0.16041824], [62314.14, 0.025]], "asks": [[62343.27, 0.02], [62343.28, 0.88552829], [62346.39, 0.00612208], [62348.2, 0.6], [62350.11, 0.10040218]], "ts": 1618626627281}
{"bids": [[62325.99, 0.02269787], [62325.98, 0.02], [62319.23, 0.26], [62316.97, 0.16041824], [62314.14, 0.025]], "asks": [[62343.27, 0.02], [62343.28, 0.88552829], [62346.39, 0.00612208], [62348.2, 0.6], [62350.11, 0.10040218]], "ts": 1618626627282}
{"bids": [[62325.99, 0.02269787], [62325.98, 0.02], [62319.23, 0.26], [62316.97, 0.16041824], [62314.14, 0.025]], "asks": [[62343.27, 0.02], [62343.28, 0.88552829], [62346.39, 0.00612208], [62348.2, 0.6], [62350.11, 0.10040218]], "ts": 1618626627282}
{"bids": [[62325.99, 0.02269787], [62325.98, 0.02], [62319.23, 0.26], [62316.97, 0.16041824], [62314.14, 0.025]], "asks": [[62343.27, 0.02], [62343.28, 0.88552829], [62346.39, 0.00612208], [62348.2, 0.6], [62350.11, 0.10040218]], "ts": 1618626627283}
{"bids": [[62325.99, 0.02269787], [62325.98, 0.02], [62319.23, 0.26], [62316.97, 0.16041824], [62314.14, 0.025]], "asks": [[62343.27, 0.02], [62343.28, 0.88552829], [62346.39, 0.00612208], [62348.2, 0.6], [62350.11, 0.10040218]], "ts": 1618626627283}
{"bids": [[62325.99, 0.02269787], [62325.98, 0.02], [62319.23, 0.26], [62316.97, 0.16041824], [62314.14, 0.025]], "asks": [[62343.27, 0.02], [62343.28, 0.88552829], [62346.39, 0.00612208], [62348.2, 0.6], [62350.11, 0.10040218]], "ts": 1618626627284}
{"bids": [[62325.99, 0.02269787], [62325.98, 0.02], [62319.23, 0.26], [62316.97, 0.16041824], [62314.14, 0.025]], "asks": [[62343.27, 0.02], [62343.28, 0.88552829], [62346.39, 0.00612208], [62348.2, 0.6], [62350.11, 0.10040218]], "ts": 1618626627284}
{"bids": [[62325.99, 0.02269787], [62325.98, 0.02], [62319.23, 0.26], [62316.97, 0.16041824], [62314.14, 0.025]], "asks": [[62343.27, 0.02], [62343.28, 0.88552829], [62346.39, 0.00612208], [62348.2, 0.6], [62350.11, 0.10040218]], "ts": 1618626627285}
{"bids": [[62325.99, 0.02269787], [62325.98, 0.02], [62319.23, 0.26], [62316.97, 0.16041824], [62314.14, 0.025]], "asks": [[62343.27, 0.02], [62343.28, 0.88552829], [62346.39, 0.00612208], [62348.2, 0.6], [62350.11, 0.10040218]], "ts": 1618626627285}
{"bids": [[62325.99, 0.02269787], [62325.98, 0.02], [62319.23, 0.26], [62316.97, 0.16041824], [62314.14, 0.025]], "asks": [[62343.27, 0.02], [62343.28, 0.88552829], [62346.39, 0.00612208], [62348.2, 0.6], [62350.11, 0.10040218]], "ts": 1618626627286}
{"bids": [[62325.99, 0.02269787], [62325.98, 0.02], [62319.23, 0.26], [62316.97, 0.16041824], [62314.14, 0.025]], "asks": [[62343.27, 0.02], [62343.28, 0.88552829], [62346.39, 0.00612208], [62348.2, 0.6], [62350.11, 0.10040218]], "ts": 1618626627286}
{"bids": [[62325.99, 0.02269787], [62325.98, 0.02], [62319.23, 0.26], [62316.97, 0.16041824], [62314.14, 0.025]], "asks": [[62343.27, 0.02], [62343.28, 0.88552829], [62346.39, 0.00612208], [62348.2, 0.6], [62350.11, 0.10040218]], "ts": 1618626627286}
{"bids": [[62325.99, 0.02269787], [62325.98, 0.02], [62319.23, 0.26], [62316.97, 0.16041824], [62314.14, 0.025]], "asks": [[62343.27, 0.02], [62343.28, 0.88552829], [62346.39, 0.00612208], [62348.2, 0.6], [62350.11, 0.10040218]], "ts": 1618626627287}
{"bids": [[62325.99, 0.02269787], [62325.98, 0.02], [62319.23, 0.26], [62316.97, 0.16041824], [62314.14, 0.025]], "asks": [[62343.27, 0.02], [62343.28, 0.88552829], [62346.39, 0.00612208], [62348.2, 0.6], [62350.11, 0.10040218]], "ts": 1618626627287}
{"bids": [[62325.99, 0.02269787], [62325.98, 0.02], [62319.23, 0.26], [62316.97, 0.16041824], [62314.14, 0.025]], "asks": [[62343.27, 0.02], [62343.28, 0.88552829], [62346.39, 0.00612208], [62348.2, 0.6], [62350.11, 0.10040218]], "ts": 1618626627288}
{"bids": [[62325.99, 0.02269787], [62325.98, 0.02], [62319.23, 0.26], [62316.97, 0.16041824], [62314.14, 0.025]], "asks": [[62343.27, 0.02], [62343.28, 0.88552829], [62346.39, 0.00612208], [62348.2, 0.6], [62350.11, 0.10040218]], "ts": 1618626627288}
{"bids": [[62325.99, 0.02269787], [62325.98, 0.02], [62319.23, 0.26], [62316.97, 0.16041824], [62314.14, 0.025]], "asks": [[62343.27, 0.02], [62343.28, 0.88552829], [62346.39, 0.00612208], [62348.2, 0.6], [62350.11, 0.10040218]], "ts": 1618626627289}
{"bids": [[62325.99, 0.02269787], [62325.98, 0.02], [62319.23, 0.26], [62316.97, 0.16041824], [62314.14, 0.025]], "asks": [[62343.27, 0.02], [62343.28, 0.88552829], [62346.39, 0.00612208], [62348.2, 0.6], [62350.11, 0.10040218]], "ts": 1618626627289}
{"bids": [[62325.99, 0.02269787], [62325.98, 0.02], [62319.23, 0.26], [62316.97, 0.16041824], [62314.14, 0.025]], "asks": [[62343.27, 0.02], [62343.28, 0.88552829], [62346.39, 0.00612208], [62348.2, 0.6], [62350.11, 0.10040218]], "ts": 1618626627290}
{"bids": [[62325.99, 0.02269787], [62325.98, 0.02], [62319.23, 0.26], [62316.97, 0.16041824], [62314.14, 0.025]], "asks": [[62343.27, 0.02], [62343.28, 0.88552829], [62346.39, 0.00612208], [62348.2, 0.6], [62350.11, 0.10040218]], "ts": 1618626627290}
{"bids": [[62325.99, 0.02269787], [62325.98, 0.02], [62319.23, 0.26], [62316.97, 0.16041824], [62314.14, 0.025]], "asks": [[62343.27, 0.02], [62343.28, 0.88552829], [62346.39, 0.00612208], [62348.2, 0.6], [62350.11, 0.10040218]], "ts": 1618626627291}
{"bids": [[62325.99, 0.02269787], [62325.98, 0.02], [62319.23, 0.26], [62316.97, 0.16041824], [62314.14, 0.025]], "asks": [[62343.27, 0.02], [62343.28, 0.88552829], [62346.39, 0.00612208], [62348.2, 0.6], [62350.11, 0.10040218]], "ts": 1618626627291}
{"bids": [[62325.99, 0.02269787], [62325.98, 0.02], [62319.23, 0.26], [62316.97, 0.16041824], [62314.14, 0.025]], "asks": [[62343.27, 0.02], [62343.28, 0.88552829], [62346.39, 0.00612208], [62348.2, 0.6], [62350.11, 0.10040218]], "ts": 1618626627291}
{"bids": [[62325.99, 0.02269787], [62325.98, 0.02], [62319.23, 0.26], [62316.97, 0.16041824], [62314.14, 0.025]], "asks": [[62343.27, 0.02], [62343.28, 0.88552829], [62346.39, 0.00612208], [62348.2, 0.6], [62350.11, 0.10040218]], "ts": 1618626627292}
{"bids": [[62325.99, 0.02269787], [62325.98, 0.02], [62319.23, 0.26], [62316.97, 0.16041824], [62314.14, 0.025]], "asks": [[62343.27, 0.02], [62343.28, 0.88552829], [62346.39, 0.00612208], [62348.2, 0.6], [62350.11, 0.10040218]], "ts": 1618626627292}
{"bids": [[62325.99, 0.02269787], [62325.98, 0.02], [62319.23, 0.26], [62316.97, 0.16041824], [62314.14, 0.025]], "asks": [[62343.27, 0.02], [62343.28, 0.88552829], [62346.39, 0.00612208], [62348.2, 0.6], [62350.11, 0.10040218]], "ts": 1618626627293}
{"bids": [[62325.99, 0.02269787], [62325.98, 0.02], [62319.23, 0.26], [62316.97, 0.16041824], [62314.14, 0.025]], "asks": [[62343.27, 0.02], [62343.28, 0.88552829], [62346.39, 0.00612208], [62348.2, 0.6], [62350.11, 0.10040218]], "ts": 1618626627293}
{"bids": [[62325.99, 0.02269787], [62325.98, 0.02], [62319.23, 0.26], [62316.97, 0.16041824], [62314.14, 0.025]], "asks": [[62343.27, 0.02], [62343.28, 0.88552829], [62346.39, 0.00612208], [62348.2, 0.6], [62350.11, 0.10040218]], "ts": 1618626627294}
{"bids": [[62325.99, 0.02269787], [62325.98, 0.02], [62319.23, 0.26], [62316.97, 0.16041824], [62314.14, 0.025]], "asks": [[62343.27, 0.02], [62343.28, 0.88552829], [62346.39, 0.00612208], [62348.2, 0.6], [62350.11, 0.10040218]], "ts": 1618626627294}
{"bids": [[62325.99, 0.02269787], [62325.98, 0.02], [62319.23, 0.26], [62316.97, 0.16041824], [62314.14, 0.025]], "asks": [[62343.27, 0.02], [62343.28, 0.88552829], [62346.39, 0.00612208], [62348.2, 0.6], [62350.11, 0.10040218]], "ts": 1618626627295}
{"bids": [[62325.99, 0.02269787], [62325.98, 0.02], [62319.23, 0.26], [62316.97, 0.16041824], [62314.14, 0.025]], "asks": [[62343.27, 0.02], [62343.28, 0.88552829], [62346.39, 0.00612208], [62348.2, 0.6], [62350.11, 0.10040218]], "ts": 1618626627295}
{"bids": [[62325.99, 0.02269787], [62325.98, 0.02], [62319.23, 0.26], [62316.97, 0.16041824], [62314.14, 0.025]], "asks": [[62343.27, 0.02], [62343.28, 0.88552829], [62346.39, 0.00612208], [62348.2, 0.6], [62350.11, 0.10040218]], "ts": 1618626627296}
{"bids": [[62325.99, 0.02269787], [62325.98, 0.02], [62319.23, 0.26], [62316.97, 0.16041824], [62314.14, 0.025]], "asks": [[62343.27, 0.02], [62343.28, 0.88552829], [62346.39, 0.00612208], [62348.2, 0.6], [62350.11, 0.10040218]], "ts": 1618626627296}
{"bids": [[62325.99, 0.02269787], [62325.98, 0.02], [62319.23, 0.26], [62316.97, 0.16041824], [62314.14, 0.025]], "asks": [[62343.27, 0.02], [62343.28, 0.88552829], [62346.39, 0.00612208], [62348.2, 0.6], [62350.11, 0.10040218]], "ts": 1618626627296}
{"bids": [[62325.99, 0.02269787], [62325.98, 0.02], [62319.23, 0.26], [62316.97, 0.16041824], [62314.14, 0.025]], "asks": [[62343.27, 0.02], [62343.28, 0.88552829], [62346.39, 0.00612208], [62348.2, 0.6], [62350.11, 0.10040218]], "ts": 1618626627297}
{"bids": [[62325.99, 0.02269787], [62325.98, 0.02], [62319.23, 0.26], [62316.97, 0.16041824], [62314.14, 0.025]], "asks": [[62343.27, 0.02], [62343.28, 0.88552829], [62346.39, 0.00612208], [62348.2, 0.6], [62350.11, 0.10040218]], "ts": 1618626627297}
{"bids": [[62325.99, 0.02269787], [62325.98, 0.02], [62319.23, 0.26], [62316.97, 0.16041824], [62314.14, 0.025]], "asks": [[62343.27, 0.02], [62343.28, 0.88552829], [62346.39, 0.00612208], [62348.2, 0.6], [62350.11, 0.10040218]], "ts": 1618626627298}
{"bids": [[62325.99, 0.02269787], [62325.98, 0.02], [62319.23, 0.26], [62316.97, 0.16041824], [62314.14, 0.025]], "asks": [[62343.27, 0.02], [62343.28, 0.88552829], [62346.39, 0.00612208], [62348.2, 0.6], [62350.11, 0.10040218]], "ts": 1618626627298}
{"bids": [[62325.99, 0.02269787], [62325.98, 0.02], [62319.23, 0.26], [62316.97, 0.16041824], [62314.14, 0.025]], "asks": [[62343.27, 0.02], [62343.28, 0.88552829], [62346.39, 0.00612208], [62348.2, 0.6], [62350.11, 0.10040218]], "ts": 1618626627299}
{"bids": [[62325.99, 0.02269787], [62325.98, 0.02], [62319.23, 0.26], [62316.97, 0.16041824], [62314.14, 0.025]], "asks": [[62343.27, 0.02], [62343.28, 0.88552829], [62346.39, 0.00612208], [62348.2, 0.6], [62350.11, 0.10040218]], "ts": 1618626627299}
{"bids": [[62325.99, 0.02269787], [62325.98, 0.02], [62319.23, 0.26], [62316.97, 0.16041824], [62314.14, 0.025]], "asks": [[62343.27, 0.02], [62343.28, 0.88552829], [62346.39, 0.00612208], [62348.2, 0.6], [62350.11, 0.10040218]], "ts": 1618626627299}
{"bids": [[62325.99, 0.02269787], [62325.98, 0.02], [62319.23, 0.26], [62316.97, 0.16041824], [62314.14, 0.025]], "asks": [[62343.27, 0.02], [62343.28, 0.88552829], [62346.39, 0.00612208], [62348.2, 0.6], [62350.11, 0.10040218]], "ts": 1618626627300}
{"bids": [[62325.99, 0.02269787], [62325.98, 0.02], [62319.23, 0.26], [62316.97, 0.16041824], [62314.14, 0.025]], "asks": [[62343.27, 0.02], [62343.28, 0.88552829], [62346.39, 0.00612208], [62348.2, 0.6], [62350.11, 0.10040218]], "ts": 1618626627300}
{"bids": [[62325.99, 0.02269787], [62325.98, 0.02], [62319.23, 0.26], [62316.97, 0.16041824], [62314.14, 0.025]], "asks": [[62343.27, 0.02], [62343.28, 0.88552829], [62346.39, 0.00612208], [62348.2, 0.6], [62350.11, 0.10040218]], "ts": 1618626627301}
{"bids": [[62325.99, 0.02269787], [62325.98, 0.02], [62319.23, 0.26], [62316.97, 0.16041824], [62314.14, 0.025]], "asks": [[62343.27, 0.02], [62343.28, 0.88552829], [62346.39, 0.00612208], [62348.2, 0.6], [62350.11, 0.10040218]], "ts": 1618626627301}
{"bids": [[62325.99, 0.02269787], [62325.98, 0.02], [62319.23, 0.26], [62316.97, 0.16041824], [62314.14, 0.025]], "asks": [[62343.27, 0.02], [62343.28, 0.88552829], [62346.39, 0.00612208], [62348.2, 0.6], [62350.11, 0.10040218]], "ts": 1618626627302}
{"bids": [[62325.99, 0.02269787], [62325.98, 0.02], [62319.23, 0.26], [62316.97, 0.16041824], [62314.14, 0.025]], "asks": [[62343.27, 0.02], [62343.28, 0.88552829], [62346.39, 0.00612208], [62348.2, 0.6], [62350.11, 0.10040218]], "ts": 1618626627302}
{"bids": [[62325.99, 0.02269787], [62325.98, 0.02], [62319.23, 0.26], [62316.97, 0.16041824], [62314.14, 0.025]], "asks": [[62343.27, 0.02], [62343.28, 0.88552829], [62346.39, 0.00612208], [62348.2, 0.6], [62350.11, 0.10040218]], "ts": 1618626627303}
{"bids": [[62325.99, 0.02269787], [62325.98, 0.02], [62319.23, 0.26], [62316.97, 0.16041824], [62314.14, 0.025]], "asks": [[62343.27, 0.02], [62343.28, 0.88552829], [62346.39, 0.00612208], [62348.2, 0.6], [62350.11, 0.10040218]], "ts": 1618626627303}
{"bids": [[62325.99, 0.02269787], [62325.98, 0.02], [62319.23, 0.26], [62316.97, 0.16041824], [62314.14, 0.025]], "asks": [[62343.27, 0.02], [62343.28, 0.88552829], [62346.39, 0.00612208], [62348.2, 0.6], [62350.11, 0.10040218]], "ts": 1618626627304}
{"bids": [[62325.99, 0.02269787], [62325.98, 0.02], [62319.23, 0.26], [62316.97, 0.16041824], [62314.14, 0.025]], "asks": [[62343.27, 0.02], [62343.28, 0.88552829], [62346.39, 0.00612208], [62348.2, 0.6], [62350.11, 0.10040218]], "ts": 1618626627304}
{"bids": [[62325.99, 0.02269787], [62325.98, 0.02], [62319.23, 0.26], [62316.97, 0.16041824], [62314.14, 0.025]], "asks": [[62343.27, 0.02], [62343.28, 0.88552829], [62346.39, 0.00612208], [62348.2, 0.6], [62350.11, 0.10040218]], "ts": 1618626627305}
{"bids": [[62325.99, 0.02269787], [62325.98, 0.02], [62319.23, 0.26], [62316.97, 0.16041824], [62314.14, 0.025]], "asks": [[62343.27, 0.02], [62343.28, 0.88552829], [62346.39, 0.00612208], [62348.2, 0.6], [62350.11, 0.10040218]], "ts": 1618626627305}
{"bids": [[62325.99, 0.02269787], [62325.98, 0.02], [62319.23, 0.26], [62316.97, 0.16041824], [62314.14, 0.025]], "asks": [[62343.27, 0.02], [62343.28, 0.88552829], [62346.39, 0.00612208], [62348.2, 0.6], [62350.11, 0.10040218]], "ts": 1618626627306}
{"bids": [[62325.99, 0.02269787], [62325.98, 0.02], [62319.23, 0.26], [62316.97, 0.16041824], [62314.14, 0.025]], "asks": [[62343.27, 0.02], [62343.28, 0.88552829], [62346.39, 0.00612208], [62348.2, 0.6], [62350.11, 0.10040218]], "ts": 1618626627306}
{"bids": [[62325.99, 0.02269787], [62325.98, 0.02], [62319.23, 0.26], [62316.97, 0.16041824], [62314.14, 0.025]], "asks": [[62343.27, 0.02], [62343.28, 0.88552829], [62346.39, 0.00612208], [62348.2, 0.6], [62350.11, 0.10040218]], "ts": 1618626627307}
{"bids": [[62325.99, 0.02269787], [62325.98, 0.02], [62319.23, 0.26], [62316.97, 0.16041824], [62314.14, 0.025]], "asks": [[62343.27, 0.02], [62343.28, 0.88552829], [62346.39, 0.00612208], [62348.2, 0.6], [62350.11, 0.10040218]], "ts": 1618626627307}
{"bids": [[62325.99, 0.02269787], [62325.98, 0.02], [62319.23, 0.26], [62316.97, 0.16041824], [62314.14, 0.025]], "asks": [[62343.27, 0.02], [62343.28, 0.88552829], [62346.39, 0.00612208], [62348.2, 0.6], [62350.11, 0.10040218]], "ts": 1618626627308}
{"bids": [[62325.99, 0.02269787], [62325.98, 0.02], [62319.23, 0.26], [62316.97, 0.16041824], [62314.14, 0.025]], "asks": [[62343.27, 0.02], [62343.28, 0.88552829], [62346.39, 0.00612208], [62348.2, 0.6], [62350.11, 0.10040218]], "ts": 1618626627308}
{"bids": [[62325.99, 0.02269787], [62325.98, 0.02], [62319.23, 0.26], [62316.97, 0.16041824], [62314.14, 0.025]], "asks": [[62343.27, 0.02], [62343.28, 0.88552829], [62346.39, 0.00612208], [62348.2, 0.6], [62350.11, 0.10040218]], "ts": 1618626627308}
{"bids": [[62325.99, 0.02269787], [62325.98, 0.02], [62319.23, 0.26], [62316.97, 0.16041824], [62314.14, 0.025]], "asks": [[62343.27, 0.02], [62343.28, 0.88552829], [62346.39, 0.00612208], [62348.2, 0.6], [62350.11, 0.10040218]], "ts": 1618626627309}
{"bids": [[62325.99, 0.02269787], [62325.98, 0.02], [62319.23, 0.26], [62316.97, 0.16041824], [62314.14, 0.025]], "asks": [[62343.27, 0.02], [62343.28, 0.88552829], [62346.39, 0.00612208], [62348.2, 0.6], [62350.11, 0.10040218]], "ts": 1618626627310}
{"bids": [[62325.99, 0.02269787], [62325.98, 0.02], [62319.23, 0.26], [62316.97, 0.16041824], [62314.14, 0.025]], "asks": [[62343.27, 0.02], [62343.28, 0.88552829], [62346.39, 0.00612208], [62348.2, 0.6], [62350.11, 0.10040218]], "ts": 1618626627310}
{"bids": [[62325.99, 0.02269787], [62325.98, 0.02], [62319.23, 0.26], [62316.97, 0.16041824], [62314.14, 0.025]], "asks": [[62343.27, 0.02], [62343.28, 0.88552829], [62346.39, 0.00612208], [62348.2, 0.6], [62350.11, 0.10040218]], "ts": 1618626627310}
{"bids": [[62325.99, 0.02269787], [62325.98, 0.02], [62319.23, 0.26], [62316.97, 0.16041824], [62314.14, 0.025]], "asks": [[62343.27, 0.02], [62343.28, 0.88552829], [62346.39, 0.00612208], [62348.2, 0.6], [62350.11, 0.10040218]], "ts": 1618626627311}
{"bids": [[62325.99, 0.02269787], [62325.98, 0.02], [62319.23, 0.26], [62316.97, 0.16041824], [62314.14, 0.025]], "asks": [[62343.27, 0.02], [62343.28, 0.88552829], [62346.39, 0.00612208], [62348.2, 0.6], [62350.11, 0.10040218]], "ts": 1618626627311}
{"bids": [[62325.99, 0.02269787], [62325.98, 0.02], [62319.23, 0.26], [62316.97, 0.16041824], [62314.14, 0.025]], "asks": [[62343.27, 0.02], [62343.28, 0.88552829], [62346.39, 0.00612208], [62348.2, 0.6], [62350.11, 0.10040218]], "ts": 1618626627312}
{"bids": [[62325.99, 0.02269787], [62325.98, 0.02], [62319.23, 0.26], [62316.97, 0.16041824], [62314.14, 0.025]], "asks": [[62343.27, 0.02], [62343.28, 0.88552829], [62346.39, 0.00612208], [62348.2, 0.6], [62350.11, 0.10040218]], "ts": 1618626627312}
{"bids": [[62325.99, 0.02269787], [62325.98, 0.02], [62319.23, 0.26], [62316.97, 0.16041824], [62314.14, 0.025]], "asks": [[62343.27, 0.02], [62343.28, 0.88552829], [62346.39, 0.00612208], [62348.2, 0.6], [62350.11, 0.10040218]], "ts": 1618626627313}
{"bids": [[62325.99, 0.02269787], [62325.98, 0.02], [62319.23, 0.26], [62316.97, 0.16041824], [62314.14, 0.025]], "asks": [[62343.27, 0.02], [62343.28, 0.88552829], [62346.39, 0.00612208], [62348.2, 0.6], [62350.11, 0.10040218]], "ts": 1618626627313}
{"bids": [[62325.99, 0.02269787], [62325.98, 0.02], [62319.23, 0.26], [62316.97, 0.16041824], [62314.14, 0.025]], "asks": [[62343.27, 0.02], [62343.28, 0.88552829], [62346.39, 0.00612208], [62348.2, 0.6], [62350.11, 0.10040218]], "ts": 1618626627314}
{"bids": [[62325.99, 0.02269787], [62325.98, 0.02], [62319.23, 0.26], [62316.97, 0.16041824], [62314.14, 0.025]], "asks": [[62343.27, 0.02], [62343.28, 0.88552829], [62346.39, 0.00612208], [62348.2, 0.6], [62350.11, 0.10040218]], "ts": 1618626627314}
{"bids": [[62325.99, 0.02269787], [62325.98, 0.02], [62319.23, 0.26], [62316.97, 0.16041824], [62314.14, 0.025]], "asks": [[62343.27, 0.02], [62343.28, 0.88552829], [62346.39, 0.00612208], [62348.2, 0.6], [62350.11, 0.10040218]], "ts": 1618626627314}
{"bids": [[62325.99, 0.02269787], [62325.98, 0.02], [62319.23, 0.26], [62316.97, 0.16041824], [62314.14, 0.025]], "asks": [[62343.27, 0.02], [62343.28, 0.88552829], [62346.39, 0.00612208], [62348.2, 0.6], [62350.11, 0.10040218]], "ts": 1618626627315}
{"bids": [[62325.99, 0.02269787], [62325.98, 0.02], [62319.23, 0.26], [62316.97, 0.16041824], [62314.14, 0.025]], "asks": [[62343.27, 0.02], [62343.28, 0.88552829], [62346.39, 0.00612208], [62348.2, 0.6], [62350.11, 0.10040218]], "ts": 1618626627315}
{"bids": [[62325.99, 0.02269787], [62325.98, 0.02], [62319.23, 0.26], [62316.97, 0.16041824], [62314.14, 0.025]], "asks": [[62343.27, 0.02], [62343.28, 0.88552829], [62346.39, 0.00612208], [62348.2, 0.6], [62350.11, 0.10040218]], "ts": 1618626627316}
{"bids": [[62325.99, 0.02269787], [62325.98, 0.02], [62319.23, 0.26], [62316.97, 0.16041824], [62314.14, 0.025]], "asks": [[62343.27, 0.02], [62343.28, 0.88552829], [62346.39, 0.00612208], [62348.2, 0.6], [62350.11, 0.10040218]], "ts": 1618626627316}
{"bids": [[62325.99, 0.02269787], [62325.98, 0.02], [62319.23, 0.26], [62316.97, 0.16041824], [62314.14, 0.025]], "asks": [[62343.27, 0.02], [62343.28, 0.88552829], [62346.39, 0.00612208], [62348.2, 0.6], [62350.11, 0.10040218]], "ts": 1618626627317}
{"bids": [[62325.99, 0.02269787], [62325.98, 0.02], [62319.23, 0.26], [62316.97, 0.16041824], [62314.14, 0.025]], "asks": [[62343.27, 0.02], [62343.28, 0.88552829], [62346.39, 0.00612208], [62348.2, 0.6], [62350.11, 0.10040218]], "ts": 1618626627317}
{"bids": [[62325.99, 0.02269787], [62325.98, 0.02], [62319.23, 0.26], [62316.97, 0.16041824], [62314.14, 0.025]], "asks": [[62343.27, 0.02], [62343.28, 0.88552829], [62346.39, 0.00612208], [62348.2, 0.6], [62350.11, 0.10040218]], "ts": 1618626627318}
{"bids": [[62325.99, 0.02269787], [62325.98, 0.02], [62319.23, 0.26], [62316.97, 0.16041824], [62314.14, 0.025]], "asks": [[62343.27, 0.02], [62343.28, 0.88552829], [62346.39, 0.00612208], [62348.2, 0.6], [62350.11, 0.10040218]], "ts": 1618626627318}
{"bids": [[62325.99, 0.02269787], [62325.98, 0.02], [62319.23, 0.26], [62316.97, 0.16041824], [62314.14, 0.025]], "asks": [[62343.27, 0.02], [62343.28, 0.88552829], [62346.39, 0.00612208], [62348.2, 0.6], [62350.11, 0.10040218]], "ts": 1618626627319}
{"bids": [[62325.99, 0.02269787], [62325.98, 0.02], [62319.23, 0.26], [62316.97, 0.16041824], [62314.14, 0.025]], "asks": [[62343.27, 0.02], [62343.28, 0.88552829], [62346.39, 0.00612208], [62348.2, 0.6], [62350.11, 0.10040218]], "ts": 1618626627319}
{"bids": [[62325.99, 0.02269787], [62325.98, 0.02], [62319.23, 0.26], [62316.97, 0.16041824], [62314.14, 0.025]], "asks": [[62343.27, 0.02], [62343.28, 0.88552829], [62346.39, 0.00612208], [62348.2, 0.6], [62350.11, 0.10040218]], "ts": 1618626627320}
{"bids": [[62325.99, 0.02269787], [62325.98, 0.02], [62319.23, 0.26], [62316.97, 0.16041824], [62314.14, 0.025]], "asks": [[62343.27, 0.02], [62343.28, 0.88552829], [62346.39, 0.00612208], [62348.2, 0.6], [62350.11, 0.10040218]], "ts": 1618626627320}
{"bids": [[62325.99, 0.02269787], [62325.98, 0.02], [62319.23, 0.26], [62316.97, 0.16041824], [62314.14, 0.025]], "asks": [[62343.27, 0.02], [62343.28, 0.88552829], [62346.39, 0.00612208], [62348.2, 0.6], [62350.11, 0.10040218]], "ts": 1618626627321}
{"bids": [[62325.99, 0.02269787], [62325.98, 0.02], [62319.23, 0.26], [62316.97, 0.16041824], [62314.14, 0.025]], "asks": [[62343.27, 0.02], [62343.28, 0.88552829], [62346.39, 0.00612208], [62348.2, 0.6], [62350.11, 0.10040218]], "ts": 1618626627321}
{"bids": [[62325.99, 0.02269787], [62325.98, 0.02], [62319.23, 0.26], [62316.97, 0.16041824], [62314.14, 0.025]], "asks": [[62343.27, 0.02], [62343.28, 0.88552829], [62346.39, 0.00612208], [62348.2, 0.6], [62350.11, 0.10040218]], "ts": 1618626627322}
{"bids": [[62325.99, 0.02269787], [62325.98, 0.02], [62319.23, 0.26], [62316.97, 0.16041824], [62314.14, 0.025]], "asks": [[62343.27, 0.02], [62343.28, 0.88552829], [62346.39, 0.00612208], [62348.2, 0.6], [62350.11, 0.10040218]], "ts": 1618626627322}
{"bids": [[62325.99, 0.02269787], [62325.98, 0.02], [62319.23, 0.26], [62316.97, 0.16041824], [62314.14, 0.025]], "asks": [[62343.27, 0.02], [62343.28, 0.88552829], [62346.39, 0.00612208], [62348.2, 0.6], [62350.11, 0.10040218]], "ts": 1618626627323}
{"bids": [[62325.99, 0.02269787], [62325.98, 0.02], [62319.23, 0.26], [62316.97, 0.16041824], [62314.14, 0.025]], "asks": [[62343.27, 0.02], [62343.28, 0.88552829], [62346.39, 0.00612208], [62348.2, 0.6], [62350.11, 0.10040218]], "ts": 1618626627323}
{"bids": [[62325.99, 0.02269787], [62325.98, 0.02], [62319.23, 0.26], [62316.97, 0.16041824], [62314.14, 0.025]], "asks": [[62343.27, 0.02], [62343.28, 0.88552829], [62346.39, 0.00612208], [62348.2, 0.6], [62350.11, 0.10040218]], "ts": 1618626627324}
{"bids": [[62325.99, 0.02269787], [62325.98, 0.02], [62319.23, 0.26], [62316.97, 0.16041824], [62314.14, 0.025]], "asks": [[62343.27, 0.02], [62343.28, 0.88552829], [62346.39, 0.00612208], [62348.2, 0.6], [62350.11, 0.10040218]], "ts": 1618626627324}
{"bids": [[62325.99, 0.02269787], [62325.98, 0.02], [62319.23, 0.26], [62316.97, 0.16041824], [62314.14, 0.025]], "asks": [[62343.27, 0.02], [62343.28, 0.88552829], [62346.39, 0.00612208], [62348.2, 0.6], [62350.11, 0.10040218]], "ts": 1618626627325}
{"bids": [[62325.99, 0.02269787], [62325.98, 0.02], [62319.23, 0.26], [62316.97, 0.16041824], [62314.14, 0.025]], "asks": [[62343.27, 0.02], [62343.28, 0.88552829], [62346.39, 0.00612208], [62348.2, 0.6], [62350.11, 0.10040218]], "ts": 1618626627325}
{"bids": [[62325.99, 0.02269787], [62325.98, 0.02], [62319.23, 0.26], [62316.97, 0.16041824], [62314.14, 0.025]], "asks": [[62343.27, 0.02], [62343.28, 0.88552829], [62346.39, 0.00612208], [62348.2, 0.6], [62350.11, 0.10040218]], "ts": 1618626627326}
{"bids": [[62325.99, 0.02269787], [62325.98, 0.02], [62319.23, 0.26], [62316.97, 0.16041824], [62314.14, 0.025]], "asks": [[62343.27, 0.02], [62343.28, 0.88552829], [62346.39, 0.00612208], [62348.2, 0.6], [62350.11, 0.10040218]], "ts": 1618626627326}
{"bids": [[62325.99, 0.02269787], [62325.98, 0.02], [62319.23, 0.26], [62316.97, 0.16041824], [62314.14, 0.025]], "asks": [[62343.27, 0.02], [62343.28, 0.88552829], [62346.39, 0.00612208], [62348.2, 0.6], [62350.11, 0.10040218]], "ts": 1618626627327}
{"bids": [[62325.99, 0.02269787], [62325.98, 0.02], [62319.23, 0.26], [62316.97, 0.16041824], [62314.14, 0.025]], "asks": [[62343.27, 0.02], [62343.28, 0.88552829], [62346.39, 0.00612208], [62348.2, 0.6], [62350.11, 0.10040218]], "ts": 1618626627327}
{"bids": [[62325.99, 0.02269787], [62325.98, 0.02], [62319.23, 0.26], [62316.97, 0.16041824], [62314.14, 0.025]], "asks": [[62343.27, 0.02], [62343.28, 0.88552829], [62346.39, 0.00612208], [62348.2, 0.6], [62350.11, 0.10040218]], "ts": 1618626627328}
{"bids": [[62325.99, 0.02269787], [62325.98, 0.02], [62319.23, 0.26], [62316.97, 0.16041824], [62314.14, 0.025]], "asks": [[62343.27, 0.02], [62343.28, 0.88552829], [62346.39, 0.00612208], [62348.2, 0.6], [62350.11, 0.10040218]], "ts": 1618626627328}
{"bids": [[62327.68, 1.1], [62325.99, 0.02269787], [62325.98, 0.02], [62319.23, 0.26], [62316.97, 0.16041824]], "asks": [[62343.27, 0.02], [62343.28, 0.88552829], [62346.39, 0.00612208], [62348.2, 0.6], [62350.11, 0.10040218]], "ts": 1618626627329}
{"bids": [[62327.69, 0.01176657], [62327.68, 1.1], [62325.99, 0.02269787], [62325.98, 0.02], [62319.23, 0.26]], "asks": [[62343.27, 0.02], [62343.28, 0.88552829], [62346.39, 0.00612208], [62348.2, 0.6], [62350.11, 0.10040218]], "ts": 1618626627329}
{"bids": [[62327.69, 0.01176657], [62327.68, 1.1], [62325.98, 0.02], [62319.23, 0.26]], "asks": [[62343.27, 0.02], [62343.28, 0.88552829], [62346.39, 0.00612208], [62348.2, 0.6], [62350.11, 0.10040218]], "ts": 1618626627330}
{"bids": [[62327.69, 0.01176657], [62327.68, 1.1], [62325.98, 0.02], [62319.23, 0.26], [62299.94, 0.02705]], "asks": [[62343.27, 0.02], [62343.28, 0.88552829], [62346.39, 0.00612208], [62348.2, 0.6], [62350.11, 0.10040218]], "ts": 1618626627330}
{"bids": [[62327.69, 0.01176657], [62327.68, 1.1], [62325.98, 0.02], [62319.23, 0.26], [62299.94, 0.02705]], "asks": [[62343.27, 0.02], [62343.28, 0.88552829], [62346.39, 0.00612208], [62348.2, 0.6], [62350.11, 0.10040218]], "ts": 1618626627331}
{"bids": [[62327.69, 0.01176657], [62327.68, 1.1], [62325.98, 0.02], [62319.23, 0.26], [62299.94, 0.02705]], "asks": [[62343.27, 0.02], [62343.28, 0.88552829], [62346.39, 0.00612208], [62348.2, 0.6], [62350.11, 0.10040218]], "ts": 1618626627331}
{"bids": [[62327.69, 0.01176657], [62325.98, 0.02], [62319.23, 0.26], [62299.94, 0.02705]], "asks": [[62343.27, 0.02], [62343.28, 0.88552829], [62346.39, 0.00612208], [62348.2, 0.6], [62350.11, 0.10040218]], "ts": 1618626627332}
{"bids": [[62327.69, 0.01176657], [62325.98, 0.02], [62319.23, 0.26], [62299.94, 0.02705]], "asks": [[62343.27, 0.02], [62343.28, 0.88552829], [62346.39, 0.00612208], [62348.2, 0.6], [62350.11, 0.10040218]], "ts": 1618626627332}
{"bids": [[62327.69, 0.01176657], [62325.98, 0.02], [62319.23, 0.26], [62314.14, 0.025], [62299.94, 0.02705]], "asks": [[62343.27, 0.02], [62343.28, 0.88552829], [62346.39, 0.00612208], [62348.2, 0.6], [62350.11, 0.10040218]], "ts": 1618626627333}
{"bids": [[62327.69, 0.01176657], [62325.98, 0.02], [62319.23, 0.26], [62314.14, 0.025], [62303.59, 0.3]], "asks": [[62343.27, 0.02], [62343.28, 0.88552829], [62346.39, 0.00612208], [62348.2, 0.6], [62350.11, 0.10040218]], "ts": 1618626627333}
{"bids": [[62327.69, 0.01176657], [62325.98, 0.02], [62319.23, 0.26], [62314.14, 0.025], [62303.59, 0.3]], "asks": [[62343.27, 0.02], [62343.28, 0.88552829], [62346.39, 0.00612208], [62348.2, 0.6], [62350.11, 0.10040218]], "ts": 1618626627334}
{"bids": [[62327.69, 0.01176657], [62325.98, 0.02], [62319.23, 0.26], [62314.14, 0.025]], "asks": [[62343.27, 0.02], [62343.28, 0.88552829], [62346.39, 0.00612208], [62348.2, 0.6], [62350.11, 0.10040218]], "ts": 1618626627334}
{"bids": [[62327.69, 0.01176657], [62325.98, 0.02], [62319.23, 0.26], [62314.14, 0.025], [62303.6, 0.3]], "asks": [[62343.27, 0.02], [62343.28, 0.88552829], [62346.39, 0.00612208], [62348.2, 0.6], [62350.11, 0.10040218]], "ts": 1618626627335}
{"bids": [[62327.69, 0.01176657], [62325.98, 0.02], [62319.23, 0.26], [62314.14, 0.025], [62303.6, 0.3]], "asks": [[62343.27, 0.02], [62343.28, 0.88552829], [62346.39, 0.00612208], [62348.2, 0.6], [62350.11, 0.10040218]], "ts": 1618626627335}
{"bids": [[62327.69, 0.01176657], [62325.98, 0.02], [62319.23, 0.26], [62314.14, 0.025], [62303.6, 0.3]], "asks": [[62343.27, 0.02], [62343.28, 0.88552829], [62346.39, 0.00612208], [62348.2, 0.6], [62350.11, 0.10040218]], "ts": 1618626627336}
{"bids": [[62327.69, 0.01176657], [62325.98, 0.02], [62319.23, 0.26], [62314.14, 0.025]], "asks": [[62343.27, 0.02], [62343.28, 0.88552829], [62346.39, 0.00612208], [62348.2, 0.6], [62350.11, 0.10040218]], "ts": 1618626627336}
{"bids": [[62327.69, 0.01176657], [62325.98, 0.02], [62319.23, 0.26], [62314.14, 0.025], [62303.61, 0.3]], "asks": [[62343.27, 0.02], [62343.28, 0.88552829], [62346.39, 0.00612208], [62348.2, 0.6], [62350.11, 0.10040218]], "ts": 1618626627336}
{"bids": [[62327.69, 0.01176657], [62325.98, 0.02], [62319.23, 0.26], [62314.14, 0.025], [62303.61, 0.3]], "asks": [[62343.27, 0.02], [62343.28, 0.88552829], [62346.39, 0.00612208], [62348.2, 0.6], [62350.11, 0.10040218]], "ts": 1618626627337}
{"bids": [[62327.69, 0.01176657], [62325.98, 0.02], [62319.23, 0.26], [62314.14, 0.025]], "asks": [[62343.27, 0.02], [62343.28, 0.88552829], [62346.39, 0.00612208], [62348.2, 0.6], [62350.11, 0.10040218]], "ts": 1618626627337}
{"bids": [[62327.69, 0.01176657], [62325.98, 0.02], [62319.23, 0.26], [62314.14, 0.025], [62303.58, 0.3]], "asks": [[62343.27, 0.02], [62343.28, 0.88552829], [62346.39, 0.00612208], [62348.2, 0.6], [62350.11, 0.10040218]], "ts": 1618626627338}
{"bids": [[62327.69, 0.01176657], [62325.98, 0.02], [62319.23, 0.26], [62314.14, 0.025], [62303.58, 0.3]], "asks": [[62343.27, 0.02], [62343.28, 0.88552829], [62346.39, 0.00612208], [62348.2, 0.6], [62350.11, 0.10040218]], "ts": 1618626627338}
{"bids": [[62327.69, 0.01176657], [62325.98, 0.02], [62319.23, 0.26], [62314.14, 0.025], [62303.58, 0.3]], "asks": [[62343.27, 0.02], [62343.28, 0.88552829], [62346.39, 0.00612208], [62348.2, 0.6], [62350.11, 0.10040218]], "ts": 1618626627339}
{"bids": [[62327.69, 0.01176657], [62325.98, 0.02], [62319.23, 0.26], [62314.14, 0.025]], "asks": [[62343.27, 0.02], [62343.28, 0.88552829], [62346.39, 0.00612208], [62348.2, 0.6], [62350.11, 0.10040218]], "ts": 1618626627339}
{"bids": [[62327.69, 0.01176657], [62325.98, 0.02], [62319.23, 0.26], [62314.14, 0.025], [62303.59, 0.3]], "asks": [[62343.27, 0.02], [62343.28, 0.88552829], [62346.39, 0.00612208], [62348.2, 0.6], [62350.11, 0.10040218]], "ts": 1618626627340}
{"bids": [[62327.69, 0.01176657], [62325.98, 0.02], [62319.23, 0.26], [62314.14, 0.025], [62303.59, 0.3]], "asks": [[62343.27, 0.02], [62343.28, 0.88552829], [62346.39, 0.00612208], [62348.2, 0.6], [62350.11, 0.10040218]], "ts": 1618626627340}
{"bids": [[62327.69, 0.01176657], [62325.98, 0.02], [62319.23, 0.26], [62314.14, 0.025], [62303.59, 0.3]], "asks": [[62343.27, 0.02], [62343.28, 0.88552829], [62346.39, 0.00612208], [62348.2, 0.6], [62350.11, 0.10040218]], "ts": 1618626627341}
{"bids": [[62327.69, 0.01176657], [62325.98, 0.02], [62319.23, 0.26], [62314.14, 0.025]], "asks": [[62343.27, 0.02], [62343.28, 0.88552829], [62346.39, 0.00612208], [62348.2, 0.6], [62350.11, 0.10040218]], "ts": 1618626627341}
{"bids": [[62327.69, 0.01176657], [62325.98, 0.02], [62319.23, 0.26], [62314.14, 0.025], [62296.19, 0.02705]], "asks": [[62343.27, 0.02], [62343.28, 0.88552829], [62346.39, 0.00612208], [62348.2, 0.6], [62350.11, 0.10040218]], "ts": 1618626627341}
{"bids": [[62327.69, 0.01176657], [62325.98, 0.02], [62319.23, 0.26], [62314.14, 0.025], [62296.19, 0.02705]], "asks": [[62343.27, 0.02], [62343.28, 0.88552829], [62346.39, 0.00612208], [62348.2, 0.6], [62350.11, 0.10040218]], "ts": 1618626627342}
{"bids": [[62327.69, 0.01176657], [62325.98, 0.02], [62319.23, 0.26], [62314.14, 0.025], [62303.6, 0.3]], "asks": [[62343.27, 0.02], [62343.28, 0.88552829], [62346.39, 0.00612208], [62348.2, 0.6], [62350.11, 0.10040218]], "ts": 1618626627342}
{"bids": [[62327.69, 0.01176657], [62325.98, 0.02], [62319.23, 0.26], [62314.14, 0.025]], "asks": [[62343.27, 0.02], [62343.28, 0.88552829], [62346.39, 0.00612208], [62348.2, 0.6], [62350.11, 0.10040218]], "ts": 1618626627343}
{"bids": [[62327.69, 0.01176657], [62325.98, 0.02], [62319.23, 0.26], [62314.14, 0.025], [62303.61, 0.3]], "asks": [[62343.27, 0.02], [62343.28, 0.88552829], [62346.39, 0.00612208], [62348.2, 0.6], [62350.11, 0.10040218]], "ts": 1618626627343}
{"bids": [[62327.69, 0.01176657], [62325.98, 0.02], [62319.23, 0.26], [62314.14, 0.025], [62303.61, 0.3]], "asks": [[62343.27, 0.02], [62343.28, 0.88552829], [62346.39, 0.00612208], [62348.2, 0.6], [62350.11, 0.10040218]], "ts": 1618626627344}
{"bids": [[62327.69, 0.01176657], [62325.98, 0.02], [62319.23, 0.26], [62314.14, 0.025]], "asks": [[62343.27, 0.02], [62343.28, 0.88552829], [62346.39, 0.00612208], [62348.2, 0.6], [62350.11, 0.10040218]], "ts": 1618626627344}
{"bids": [[62327.69, 0.01176657], [62325.98, 0.02], [62319.23, 0.26], [62314.14, 0.025], [62303.58, 0.3]], "asks": [[62343.27, 0.02], [62343.28, 0.88552829], [62346.39, 0.00612208], [62348.2, 0.6], [62350.11, 0.10040218]], "ts": 1618626627345}
{"bids": [[62327.69, 0.01176657], [62325.98, 0.02], [62319.23, 0.26], [62314.14, 0.025], [62303.58, 0.3]], "asks": [[62343.27, 0.02], [62343.28, 0.88552829], [62346.39, 0.00612208], [62348.2, 0.6], [62350.11, 0.10040218]], "ts": 1618626627345}
{"bids": [[62327.69, 0.01176657], [62325.98, 0.02], [62319.23, 0.26], [62314.14, 0.025], [62303.58, 0.3]], "asks": [[62343.27, 0.02], [62343.28, 0.88552829], [62346.39, 0.00612208], [62348.2, 0.6], [62350.11, 0.10040218]], "ts": 1618626627345}
{"bids": [[62327.69, 0.01176657], [62325.98, 0.02], [62319.23, 0.26], [62314.14, 0.025]], "asks": [[62343.27, 0.02], [62343.28, 0.88552829], [62346.39, 0.00612208], [62348.2, 0.6], [62350.11, 0.10040218]], "ts": 1618626627346}
{"bids": [[62327.69, 0.01176657], [62325.98, 0.02], [62319.23, 0.26], [62314.14, 0.025], [62303.59, 0.025]], "asks": [[62343.27, 0.02], [62343.28, 0.88552829], [62346.39, 0.00612208], [62348.2, 0.6], [62350.11, 0.10040218]], "ts": 1618626627346}
{"bids": [[62327.69, 0.01176657], [62325.98, 0.02], [62319.23, 0.26], [62303.59, 0.025]], "asks": [[62343.27, 0.02], [62343.28, 0.88552829], [62346.39, 0.00612208], [62348.2, 0.6], [62350.11, 0.10040218]], "ts": 1618626627347}
{"bids": [[62327.69, 0.01176657], [62325.98, 0.02], [62319.23, 0.26], [62303.59, 0.025], [62302.62, 0.3]], "asks": [[62343.27, 0.02], [62343.28, 0.88552829], [62346.39, 0.00612208], [62348.2, 0.6], [62350.11, 0.10040218]], "ts": 1618626627347}
{"bids": [[62327.69, 0.01176657], [62325.98, 0.02], [62319.23, 0.26], [62302.62, 0.3]], "asks": [[62343.27, 0.02], [62343.28, 0.88552829], [62346.39, 0.00612208], [62348.2, 0.6], [62350.11, 0.10040218]], "ts": 1618626627348}
{"bids": [[62327.69, 0.01176657], [62325.98, 0.02], [62319.23, 0.26], [62303.58, 0.025], [62302.62, 0.3]], "asks": [[62343.27, 0.02], [62343.28, 0.88552829], [62346.39, 0.00612208], [62348.2, 0.6], [62350.11, 0.10040218]], "ts": 1618626627348}
{"bids": [[62327.69, 0.01176657], [62325.98, 0.02], [62319.23, 0.26], [62303.58, 0.025], [62302.62, 0.3]], "asks": [[62343.27, 0.02], [62343.28, 0.88552829], [62346.39, 0.00612208], [62348.2, 0.6], [62350.11, 0.10040218]], "ts": 1618626627349}
{"bids": [[62327.69, 0.01176657], [62325.98, 0.02], [62319.23, 0.26], [62303.58, 0.025], [62302.62, 0.3]], "asks": [[62343.27, 0.02], [62343.28, 0.88552829], [62346.39, 0.00612208], [62348.2, 0.6], [62350.11, 0.10040218]], "ts": 1618626627349}
{"bids": [[62327.69, 0.01176657], [62325.98, 0.02], [62319.24, 0.160412], [62319.23, 0.26], [62303.58, 0.025]], "asks": [[62343.27, 0.02], [62343.28, 0.88552829], [62346.39, 0.00612208], [62348.2, 0.6], [62350.11, 0.10040218]], "ts": 1618626627349}
{"bids": [[62327.69, 0.01176657], [62325.98, 0.02], [62319.24, 0.160412], [62319.23, 0.26], [62303.58, 0.025]], "asks": [[62343.27, 0.02], [62343.28, 0.88552829], [62346.39, 0.00612208], [62348.2, 0.6], [62350.11, 0.10040218]], "ts": 1618626627350}
{"bids": [[62327.69, 0.01176657], [62325.98, 0.02], [62319.24, 0.160412], [62319.23, 0.26], [62314.14, 0.025]], "asks": [[62343.27, 0.02], [62343.28, 0.88552829], [62346.39, 0.00612208], [62348.2, 0.6], [62350.11, 0.10040218]], "ts": 1618626627350}
{"bids": [[62327.69, 0.01176657], [62325.98, 0.02], [62319.24, 0.160412], [62319.23, 0.26], [62314.14, 0.025]], "asks": [[62343.27, 0.02], [62343.28, 0.88552829], [62346.39, 0.00612208], [62348.2, 0.6], [62350.11, 0.10040218]], "ts": 1618626627351}
{"bids": [[62327.69, 0.01176657], [62325.98, 0.02], [62319.24, 0.160412], [62319.23, 0.26], [62314.14, 0.025]], "asks": [[62343.27, 0.02], [62343.28, 0.88552829], [62346.39, 0.00612208], [62348.2, 0.6], [62350.11, 0.10040218]], "ts": 1618626627351}
{"bids": [[62327.69, 0.01176657], [62325.98, 0.02], [62319.24, 0.160412], [62319.23, 0.26], [62314.14, 0.025]], "asks": [[62343.27, 0.02], [62343.28, 0.88552829], [62346.39, 0.00612208], [62348.2, 0.6], [62350.11, 0.10040218]], "ts": 1618626627352}
{"bids": [[62327.69, 0.01176657], [62325.98, 0.02], [62319.24, 0.160412], [62319.23, 0.26], [62314.14, 0.025]], "asks": [[62343.27, 0.02], [62343.28, 0.88552829], [62346.39, 0.00612208], [62348.2, 0.6], [62350.11, 0.10040218]], "ts": 1618626627352}
{"bids": [[62327.69, 0.01176657], [62325.98, 0.02], [62319.24, 0.160412], [62319.23, 0.26], [62314.14, 0.025]], "asks": [[62343.27, 0.02], [62343.28, 0.88552829], [62346.39, 0.00612208], [62348.2, 0.6], [62350.11, 0.10040218]], "ts": 1618626627353}
{"bids": [[62327.69, 0.01176657], [62325.98, 0.02], [62319.24, 0.160412], [62319.23, 0.26], [62314.14, 0.025]], "asks": [[62343.27, 0.02], [62343.28, 0.88552829], [62346.39, 0.00612208], [62348.2, 0.6], [62350.11, 0.10040218]], "ts": 1618626627353}
{"bids": [[62327.69, 0.01176657], [62325.98, 0.02], [62319.24, 0.160412], [62319.23, 0.26], [62314.14, 0.025]], "asks": [[62343.27, 0.02], [62343.28, 0.88552829], [62346.39, 0.00612208], [62348.2, 0.6], [62350.11, 0.10040218]], "ts": 1618626627353}
{"bids": [[62327.69, 0.01176657], [62325.98, 0.02], [62319.24, 0.160412], [62319.23, 0.26], [62314.14, 0.025]], "asks": [[62343.27, 0.02], [62343.28, 0.88552829], [62346.39, 0.00612208], [62348.2, 0.6], [62350.11, 0.10040218]], "ts": 1618626627354}
{"bids": [[62327.69, 0.01176657], [62325.98, 0.02], [62319.24, 0.160412], [62319.23, 0.26], [62314.14, 0.025]], "asks": [[62343.27, 0.02], [62343.28, 0.88552829], [62346.39, 0.00612208], [62348.2, 0.6], [62350.11, 0.10040218]], "ts": 1618626627354}
{"bids": [[62327.69, 0.01176657], [62325.98, 0.02], [62319.24, 0.160412], [62319.23, 0.26], [62314.14, 0.025]], "asks": [[62343.27, 0.02], [62343.28, 0.88552829], [62346.39, 0.00612208], [62348.2, 0.6], [62350.11, 0.10040218]], "ts": 1618626627355}
{"bids": [[62327.69, 0.01176657], [62325.98, 0.02], [62319.24, 0.160412], [62319.23, 0.26], [62314.14, 0.025]], "asks": [[62343.27, 0.02], [62343.28, 0.88552829], [62346.39, 0.00612208], [62348.2, 0.6], [62350.11, 0.10040218]], "ts": 1618626627355}
{"bids": [[62327.69, 0.01176657], [62325.98, 0.02], [62319.24, 0.160412], [62319.23, 0.26], [62314.14, 0.025]], "asks": [[62343.27, 0.02], [62343.28, 0.88552829], [62346.39, 0.00612208], [62348.2, 0.6], [62350.11, 0.10040218]], "ts": 1618626627356}
{"bids": [[62327.69, 0.01176657], [62325.98, 0.02], [62319.24, 0.160412], [62319.23, 0.26], [62314.14, 0.025]], "asks": [[62343.27, 0.02], [62343.28, 0.88552829], [62346.39, 0.00612208], [62348.2, 0.6], [62350.11, 0.10040218]], "ts": 1618626627356}
{"bids": [[62327.69, 0.01176657], [62325.98, 0.02], [62319.24, 0.160412], [62319.23, 0.26], [62314.14, 0.025]], "asks": [[62343.27, 0.02], [62343.28, 0.88552829], [62346.39, 0.00612208], [62348.2, 0.6], [62350.11, 0.10040218]], "ts": 1618626627357}
{"bids": [[62327.69, 0.01176657], [62325.98, 0.02], [62319.24, 0.160412], [62319.23, 0.26], [62314.14, 0.025]], "asks": [[62343.27, 0.02], [62343.28, 0.88552829], [62346.39, 0.00612208], [62348.2, 0.6], [62350.11, 0.10040218]], "ts": 1618626627357}
{"bids": [[62327.69, 0.01176657], [62325.98, 0.02], [62319.24, 0.160412], [62319.23, 0.26], [62314.14, 0.025]], "asks": [[62343.27, 0.02], [62343.28, 0.88552829], [62346.39, 0.00612208], [62348.2, 0.6], [62350.11, 0.10040218]], "ts": 1618626627358}
{"bids": [[62327.69, 0.01176657], [62325.98, 0.02], [62319.24, 0.160412], [62319.23, 0.26], [62314.14, 0.025]], "asks": [[62343.27, 0.02], [62343.28, 0.88552829], [62346.39, 0.00612208], [62348.2, 0.6], [62350.11, 0.10040218]], "ts": 1618626627358}
{"bids": [[62327.69, 0.01176657], [62325.98, 0.02], [62319.24, 0.160412], [62319.23, 0.26], [62314.14, 0.025]], "asks": [[62343.27, 0.02], [62343.28, 0.88552829], [62346.39, 0.00612208], [62348.2, 0.6], [62350.11, 0.10040218]], "ts": 1618626627359}
{"bids": [[62327.69, 0.01176657], [62325.98, 0.02], [62319.24, 0.160412], [62319.23, 0.26], [62314.14, 0.025]], "asks": [[62343.27, 0.02], [62343.28, 0.88552829], [62346.39, 0.00612208], [62348.2, 0.6], [62350.11, 0.10040218]], "ts": 1618626627359}
{"bids": [[62327.69, 0.01176657], [62325.98, 0.02], [62319.24, 0.160412], [62319.23, 0.26], [62314.14, 0.025]], "asks": [[62343.27, 0.02], [62343.28, 0.88552829], [62346.39, 0.00612208], [62348.2, 0.6], [62350.11, 0.10040218]], "ts": 1618626627360}
{"bids": [[62327.69, 0.01176657], [62325.98, 0.02], [62319.24, 0.160412], [62319.23, 0.26], [62314.14, 0.025]], "asks": [[62343.27, 0.02], [62343.28, 0.88552829], [62346.39, 0.00612208], [62348.2, 0.6], [62350.11, 0.10040218]], "ts": 1618626627360}
{"bids": [[62327.69, 0.01176657], [62325.98, 0.02], [62319.24, 0.160412], [62319.23, 0.26], [62314.14, 0.025]], "asks": [[62343.27, 0.02], [62343.28, 0.88552829], [62346.39, 0.00612208], [62348.2, 0.6], [62350.11, 0.10040218]], "ts": 1618626627360}
{"bids": [[62327.69, 0.01176657], [62325.98, 0.02], [62319.24, 0.160412], [62319.23, 0.26], [62314.14, 0.025]], "asks": [[62343.27, 0.02], [62343.28, 0.88552829], [62346.39, 0.00612208], [62348.2, 0.6], [62350.11, 0.10040218]], "ts": 1618626627361}
{"bids": [[62327.69, 0.01176657], [62325.98, 0.02], [62319.24, 0.160412], [62319.23, 0.26], [62314.14, 0.025]], "asks": [[62343.27, 0.02], [62343.28, 0.88552829], [62346.39, 0.00612208], [62348.2, 0.6], [62350.11, 0.10040218]], "ts": 1618626627361}
{"bids": [[62327.69, 0.01176657], [62325.98, 0.02], [62319.24, 0.160412], [62319.23, 0.26], [62314.14, 0.025]], "asks": [[62343.27, 0.02], [62343.28, 0.88552829], [62346.39, 0.00612208], [62348.2, 0.6], [62350.11, 0.10040218]], "ts": 1618626627362}
{"bids": [[62327.69, 0.01176657], [62325.98, 0.02], [62319.24, 0.160412], [62319.23, 0.26], [62314.14, 0.025]], "asks": [[62343.27, 0.02], [62343.28, 0.88552829], [62346.39, 0.00612208], [62348.2, 0.6], [62350.11, 0.10040218]], "ts": 1618626627362}
{"bids": [[62327.69, 0.01176657], [62325.98, 0.02], [62319.24, 0.160412], [62319.23, 0.26], [62314.14, 0.025]], "asks": [[62343.27, 0.02], [62343.28, 0.88552829], [62346.39, 0.00612208], [62348.2, 0.6], [62350.11, 0.10040218]], "ts": 1618626627363}
{"bids": [[62327.69, 0.01176657], [62325.98, 0.02], [62319.24, 0.160412], [62319.23, 0.26], [62314.14, 0.025]], "asks": [[62343.27, 0.02], [62343.28, 0.88552829], [62346.39, 0.00612208], [62348.2, 0.6], [62350.11, 0.10040218]], "ts": 1618626627363}
{"bids": [[62327.69, 0.01176657], [62325.98, 0.02], [62319.24, 0.160412], [62319.23, 0.26], [62314.14, 0.025]], "asks": [[62343.27, 0.02], [62343.28, 0.88552829], [62346.39, 0.00612208], [62348.2, 0.6], [62350.11, 0.10040218]], "ts": 1618626627364}
{"bids": [[62327.69, 0.01176657], [62325.98, 0.02], [62319.24, 0.160412], [62319.23, 0.26], [62314.14, 0.025]], "asks": [[62343.27, 0.02], [62343.28, 0.88552829], [62346.39, 0.00612208], [62348.2, 0.6], [62350.11, 0.10040218]], "ts": 1618626627364}
{"bids": [[62327.69, 0.01176657], [62325.98, 0.02], [62319.24, 0.160412], [62319.23, 0.26], [62314.14, 0.025]], "asks": [[62343.27, 0.02], [62343.28, 0.88552829], [62346.39, 0.00612208], [62348.2, 0.6], [62350.11, 0.10040218]], "ts": 1618626627365}
{"bids": [[62327.69, 0.01176657], [62325.98, 0.02], [62319.24, 0.160412], [62319.23, 0.26], [62314.14, 0.025]], "asks": [[62343.27, 0.02], [62343.28, 0.88552829], [62346.39, 0.00612208], [62348.2, 0.6], [62350.11, 0.10040218]], "ts": 1618626627365}
{"bids": [[62327.69, 0.01176657], [62325.98, 0.02], [62319.24, 0.160412], [62319.23, 0.26], [62314.14, 0.025]], "asks": [[62343.27, 0.02], [62343.28, 0.88552829], [62346.39, 0.00612208], [62348.2, 0.6], [62350.11, 0.10040218]], "ts": 1618626627365}
{"bids": [[62327.69, 0.01176657], [62325.98, 0.02], [62319.24, 0.160412], [62319.23, 0.26], [62314.14, 0.025]], "asks": [[62343.27, 0.02], [62343.28, 0.88552829], [62346.39, 0.00612208], [62348.2, 0.6], [62350.11, 0.10040218]], "ts": 1618626627366}
{"bids": [[62327.69, 0.01176657], [62325.98, 0.02], [62319.24, 0.160412], [62319.23, 0.26], [62314.14, 0.025]], "asks": [[62343.27, 0.02], [62343.28, 0.88552829], [62346.39, 0.00612208], [62348.2, 0.6], [62350.11, 0.10040218]], "ts": 1618626627366}
{"bids": [[62327.69, 0.01176657], [62325.98, 0.02], [62319.24, 0.160412], [62319.23, 0.26], [62314.14, 0.025]], "asks": [[62343.27, 0.02], [62343.28, 0.88552829], [62346.39, 0.00612208], [62348.2, 0.6], [62350.11, 0.10040218]], "ts": 1618626627367}
{"bids": [[62327.69, 0.01176657], [62325.98, 0.02], [62319.24, 0.160412], [62319.23, 0.26], [62314.14, 0.025]], "asks": [[62343.27, 0.02], [62343.28, 0.88552829], [62346.39, 0.00612208], [62348.2, 0.6], [62350.11, 0.10040218]], "ts": 1618626627367}
{"bids": [[62327.69, 0.01176657], [62325.98, 0.02], [62319.24, 0.160412], [62319.23, 0.26], [62314.14, 0.025]], "asks": [[62343.27, 0.02], [62343.28, 0.88552829], [62346.39, 0.00612208], [62348.2, 0.6], [62350.11, 0.10040218]], "ts": 1618626627368}
{"bids": [[62327.69, 0.01176657], [62325.98, 0.02], [62319.24, 0.160412], [62319.23, 0.26], [62314.14, 0.025]], "asks": [[62343.27, 0.02], [62343.28, 0.88552829], [62346.39, 0.00612208], [62348.2, 0.6], [62350.11, 0.10040218]], "ts": 1618626627368}
{"bids": [[62327.69, 0.01176657], [62325.98, 0.02], [62319.24, 0.160412], [62319.23, 0.26], [62314.14, 0.025]], "asks": [[62343.27, 0.02], [62343.28, 0.88552829], [62346.39, 0.00612208], [62348.2, 0.6], [62350.11, 0.10040218]], "ts": 1618626627369}
{"bids": [[62327.69, 0.01176657], [62325.98, 0.02], [62319.24, 0.160412], [62319.23, 0.26], [62314.14, 0.025]], "asks": [[62343.27, 0.02], [62343.28, 0.88552829], [62346.39, 0.00612208], [62348.2, 0.6], [62350.11, 0.10040218]], "ts": 1618626627369}
{"bids": [[62327.69, 0.01176657], [62325.98, 0.02], [62319.24, 0.160412], [62319.23, 0.26], [62314.14, 0.025]], "asks": [[62343.27, 0.02], [62343.28, 0.88552829], [62346.39, 0.00612208], [62348.2, 0.6], [62350.11, 0.10040218]], "ts": 1618626627370}
{"bids": [[62327.69, 0.01176657], [62325.98, 0.02], [62319.24, 0.160412], [62319.23, 0.26], [62314.14, 0.025]], "asks": [[62343.27, 0.02], [62343.28, 0.88552829], [62346.39, 0.00612208], [62348.2, 0.6], [62350.11, 0.10040218]], "ts": 1618626627370}
{"bids": [[62327.69, 0.01176657], [62325.98, 0.02], [62319.24, 0.160412], [62319.23, 0.26], [62314.14, 0.025]], "asks": [[62343.27, 0.02], [62343.28, 0.88552829], [62346.39, 0.00612208], [62348.2, 0.6], [62350.11, 0.10040218]], "ts": 1618626627371}
{"bids": [[62327.69, 0.01176657], [62325.98, 0.02], [62319.24, 0.160412], [62319.23, 0.26], [62314.14, 0.025]], "asks": [[62343.27, 0.02], [62343.28, 0.88552829], [62346.39, 0.00612208], [62348.2, 0.6], [62350.11, 0.10040218]], "ts": 1618626627371}
{"bids": [[62327.69, 0.01176657], [62325.98, 0.02], [62319.24, 0.160412], [62319.23, 0.26], [62314.14, 0.025]], "asks": [[62343.27, 0.02], [62343.28, 0.88552829], [62346.39, 0.00612208], [62348.2, 0.6], [62350.11, 0.10040218]], "ts": 1618626627371}
{"bids": [[62327.69, 0.01176657], [62325.98, 0.02], [62319.24, 0.160412], [62319.23, 0.26], [62314.14, 0.025]], "asks": [[62343.27, 0.02], [62343.28, 0.88552829], [62346.39, 0.00612208], [62348.2, 0.6], [62350.11, 0.10040218]], "ts": 1618626627372}
{"bids": [[62327.69, 0.01176657], [62325.98, 0.02], [62319.24, 0.160412], [62319.23, 0.26], [62314.14, 0.025]], "asks": [[62343.27, 0.02], [62343.28, 0.88552829], [62346.39, 0.00612208], [62348.2, 0.6], [62350.11, 0.10040218]], "ts": 1618626627372}
{"bids": [[62327.69, 0.01176657], [62325.98, 0.02], [62319.24, 0.160412], [62319.23, 0.26], [62314.14, 0.025]], "asks": [[62343.27, 0.02], [62343.28, 0.88552829], [62346.39, 0.00612208], [62348.2, 0.6], [62350.11, 0.10040218]], "ts": 1618626627373}
{"bids": [[62327.69, 0.01176657], [62325.98, 0.02], [62319.24, 0.160412], [62319.23, 0.26], [62314.14, 0.025]], "asks": [[62343.27, 0.02], [62343.28, 0.88552829], [62346.39, 0.00612208], [62348.2, 0.6], [62350.11, 0.10040218]], "ts": 1618626627373}
{"bids": [[62327.69, 0.01176657], [62325.98, 0.02], [62319.24, 0.160412], [62319.23, 0.26], [62314.14, 0.025]], "asks": [[62343.27, 0.02], [62343.28, 0.88552829], [62346.39, 0.00612208], [62348.2, 0.6], [62350.11, 0.10040218]], "ts": 1618626627374}
{"bids": [[62327.69, 0.01176657], [62325.98, 0.02], [62319.24, 0.160412], [62319.23, 0.26], [62314.14, 0.025]], "asks": [[62343.27, 0.02], [62343.28, 0.88552829], [62346.39, 0.00612208], [62348.2, 0.6], [62350.11, 0.10040218]], "ts": 1618626627374}
{"bids": [[62327.69, 0.01176657], [62319.24, 0.160412], [62319.23, 0.26], [62314.14, 0.025]], "asks": [[62343.27, 0.02], [62343.28, 0.88552829], [62346.39, 0.00612208], [62348.2, 0.6], [62350.11, 0.10040218]], "ts": 1618626627375}
{"bids": [[62319.24, 0.160412], [62319.23, 0.26], [62314.14, 0.025]], "asks": [[62343.27, 0.02], [62343.28, 0.88552829], [62346.39, 0.00612208], [62348.2, 0.6], [62350.11, 0.10040218]], "ts": 1618626627375}
{"bids": [[62319.24, 0.160412], [62319.23, 0.26], [62314.14, 0.025]], "asks": [[62343.28, 0.88552829], [62346.39, 0.00612208], [62348.2, 0.6], [62350.11, 0.10040218]], "ts": 1618626627376}
{"bids": [[62319.24, 0.160412], [62319.23, 0.26], [62314.14, 0.025]], "asks": [[62343.28, 0.88552829], [62346.39, 0.00612208], [62348.2, 0.6], [62350.11, 0.10040218]], "ts": 1618626627376}
{"bids": [[62319.24, 0.160412], [62319.23, 0.26], [62314.14, 0.025]], "asks": [[62343.28, 0.88552829], [62346.39, 0.00612208], [62348.2, 0.6], [62350.11, 0.10040218]], "ts": 1618626627376}
{"bids": [[62319.24, 0.160412], [62319.23, 0.26], [62314.14, 0.025]], "asks": [[62343.28, 0.88552829], [62346.39, 0.00612208], [62348.2, 0.6], [62350.11, 0.10040218]], "ts": 1618626627377}
{"bids": [[62319.24, 0.160412], [62319.23, 0.26], [62314.14, 0.025], [62303.68, 0.3]], "asks": [[62343.28, 0.88552829], [62346.39, 0.00612208], [62348.2, 0.6], [62350.11, 0.10040218]], "ts": 1618626627377}
{"bids": [[62327.7, 0.02], [62319.24, 0.160412], [62319.23, 0.26], [62314.14, 0.025], [62303.68, 0.3]], "asks": [[62343.28, 0.88552829], [62346.39, 0.00612208], [62348.2, 0.6], [62350.11, 0.10040218]], "ts": 1618626627377}
{"bids": [[62327.7, 0.02], [62319.24, 0.160412], [62319.23, 0.26], [62314.14, 0.025], [62303.68, 0.3]], "asks": [[62343.28, 0.88552829], [62346.39, 0.00612208], [62348.2, 0.6], [62350.11, 0.10040218], [62352.57, 0.02]], "ts": 1618626627378}
{"bids": [[62327.7, 0.02], [62319.24, 0.160412], [62319.23, 0.26], [62314.14, 0.025], [62311.53, 0.48]], "asks": [[62343.28, 0.88552829], [62346.39, 0.00612208], [62348.2, 0.6], [62350.11, 0.10040218], [62352.57, 0.02]], "ts": 1618626627378}
{"bids": [[62327.7, 0.02], [62319.24, 0.160412], [62319.23, 0.26], [62314.14, 0.025], [62311.53, 0.48]], "asks": [[62343.28, 0.88552829], [62346.39, 0.00612208], [62348.2, 0.6], [62350.11, 0.10040218], [62352.57, 0.02]], "ts": 1618626627379}
{"bids": [[62327.7, 0.02], [62319.24, 0.160412], [62319.23, 0.26], [62314.14, 0.025], [62311.53, 0.48]], "asks": [[62343.28, 0.88552829], [62346.39, 0.00612208], [62348.2, 0.6], [62350.11, 0.10040218], [62352.57, 0.02]], "ts": 1618626627380}
{"bids": [[62327.7, 0.02], [62319.24, 0.160412], [62319.23, 0.26], [62314.14, 0.025], [62311.53, 0.48]], "asks": [[62343.28, 0.88552829], [62346.39, 0.00612208], [62348.2, 0.6], [62350.11, 0.10040218], [62352.57, 0.02]], "ts": 1618626627381}
{"bids": [[62327.7, 0.02], [62319.24, 0.160412], [62319.23, 0.26], [62314.14, 0.025], [62311.53, 0.48]], "asks": [[62343.28, 0.88552829], [62346.39, 0.00612208], [62348.2, 0.6], [62350.11, 0.10040218], [62352.57, 0.02]], "ts": 1618626627381}
{"bids": [[62327.7, 0.02], [62319.24, 0.160412], [62319.23, 0.26], [62314.14, 0.025], [62311.54, 0.3]], "asks": [[62343.28, 0.88552829], [62346.39, 0.00612208], [62348.2, 0.6], [62350.11, 0.10040218], [62352.57, 0.02]], "ts": 1618626627382}
{"bids": [[62327.7, 0.02], [62319.24, 0.160412], [62319.23, 0.26], [62314.14, 0.025]], "asks": [[62343.28, 0.88552829], [62346.39, 0.00612208], [62348.2, 0.6], [62350.11, 0.10040218], [62352.57, 0.02]], "ts": 1618626627382}
{"bids": [[62327.7, 0.02], [62319.24, 0.160412], [62319.23, 0.26], [62314.14, 0.025], [62311.55, 0.3]], "asks": [[62343.28, 0.88552829], [62346.39, 0.00612208], [62348.2, 0.6], [62350.11, 0.10040218], [62352.57, 0.02]], "ts": 1618626627383}
{"bids": [[62327.7, 0.02], [62319.24, 0.160412], [62319.23, 0.26], [62314.14, 0.025]], "asks": [[62343.28, 0.88552829], [62346.39, 0.00612208], [62348.2, 0.6], [62350.11, 0.10040218], [62352.57, 0.02]], "ts": 1618626627383}
{"bids": [[62327.7, 0.02], [62319.24, 0.160412], [62319.23, 0.26], [62314.14, 0.025], [62311.56, 0.3]], "asks": [[62343.28, 0.88552829], [62346.39, 0.00612208], [62348.2, 0.6], [62350.11, 0.10040218], [62352.57, 0.02]], "ts": 1618626627384}
{"bids": [[62327.7, 0.02], [62319.24, 0.160412], [62319.23, 0.26], [62314.14, 0.025]], "asks": [[62343.28, 0.88552829], [62346.39, 0.00612208], [62348.2, 0.6], [62350.11, 0.10040218], [62352.57, 0.02]], "ts": 1618626627384}
{"bids": [[62327.7, 0.02], [62319.24, 0.160412], [62319.23, 0.26], [62314.14, 0.025], [62311.57, 0.3]], "asks": [[62343.28, 0.88552829], [62346.39, 0.00612208], [62348.2, 0.6], [62350.11, 0.10040218], [62352.57, 0.02]], "ts": 1618626627385}
{"bids": [[62327.7, 0.02], [62319.24, 0.160412], [62319.23, 0.26], [62314.14, 0.025], [62311.57, 0.3]], "asks": [[62343.28, 0.88552829], [62346.39, 0.00612208], [62348.2, 0.6], [62350.11, 0.10040218], [62352.57, 0.02]], "ts": 1618626627386}
{"bids": [[62327.7, 0.02], [62319.24, 0.160412], [62319.23, 0.26], [62314.14, 0.025]], "asks": [[62343.28, 0.88552829], [62346.39, 0.00612208], [62348.2, 0.6], [62350.11, 0.10040218], [62352.57, 0.02]], "ts": 1618626627386}
{"bids": [[62327.7, 0.02], [62319.24, 0.160412], [62319.23, 0.26], [62314.14, 0.025]], "asks": [[62343.28, 0.88552829], [62346.39, 0.00612208], [62348.2, 0.6], [62350.11, 0.10040218], [62352.57, 0.02]], "ts": 1618626627387}
{"bids": [[62327.7, 0.02], [62319.24, 0.160412], [62319.23, 0.26], [62314.14, 0.025], [62311.58, 0.3]], "asks": [[62343.28, 0.88552829], [62346.39, 0.00612208], [62348.2, 0.6], [62350.11, 0.10040218], [62352.57, 0.02]], "ts": 1618626627387}
{"bids": [[62327.7, 0.02], [62319.24, 0.160412], [62319.23, 0.26], [62314.14, 0.025]], "asks": [[62343.28, 0.88552829], [62346.39, 0.00612208], [62348.2, 0.6], [62350.11, 0.10040218], [62352.57, 0.02]], "ts": 1618626627388}
{"bids": [[62327.7, 0.02], [62319.24, 0.160412], [62319.23, 0.26], [62314.14, 0.025], [62311.59, 0.3]], "asks": [[62343.28, 0.88552829], [62346.39, 0.00612208], [62348.2, 0.6], [62350.11, 0.10040218], [62352.57, 0.02]], "ts": 1618626627388}
{"bids": [[62327.7, 0.02], [62319.24, 0.160412], [62319.23, 0.26], [62314.14, 0.025]], "asks": [[62343.28, 0.88552829], [62346.39, 0.00612208], [62348.2, 0.6], [62350.11, 0.10040218], [62352.57, 0.02]], "ts": 1618626627389}
{"bids": [[62327.7, 0.02], [62319.24, 0.160412], [62319.23, 0.26], [62314.14, 0.025], [62311.54, 0.3]], "asks": [[62343.28, 0.88552829], [62346.39, 0.00612208], [62348.2, 0.6], [62350.11, 0.10040218], [62352.57, 0.02]], "ts": 1618626627389}
{"bids": [[62327.7, 0.02], [62319.24, 0.160412], [62319.23, 0.26], [62314.14, 0.025]], "asks": [[62343.28, 0.88552829], [62346.39, 0.00612208], [62348.2, 0.6], [62350.11, 0.10040218], [62352.57, 0.02]], "ts": 1618626627390}
{"bids": [[62327.7, 0.02], [62319.24, 0.160412], [62319.23, 0.26], [62314.14, 0.025], [62311.55, 0.3]], "asks": [[62343.28, 0.88552829], [62346.39, 0.00612208], [62348.2, 0.6], [62350.11, 0.10040218], [62352.57, 0.02]], "ts": 1618626627390}
{"bids": [[62327.7, 0.02], [62319.24, 0.160412], [62319.23, 0.26], [62314.14, 0.025], [62311.56, 0.3]], "asks": [[62343.28, 0.88552829], [62346.39, 0.00612208], [62348.2, 0.6], [62350.11, 0.10040218], [62352.57, 0.02]], "ts": 1618626627391}
{"bids": [[62327.7, 0.02], [62319.24, 0.160412], [62319.23, 0.26], [62314.14, 0.025], [62311.56, 0.3]], "asks": [[62343.28, 0.88552829], [62346.39, 0.00612208], [62348.2, 0.6], [62350.11, 0.10040218], [62352.57, 0.02]], "ts": 1618626627391}
{"bids": [[62327.7, 0.02], [62319.24, 0.160412], [62319.23, 0.26], [62314.14, 0.025], [62311.57, 0.3]], "asks": [[62343.28, 0.88552829], [62346.39, 0.00612208], [62348.2, 0.6], [62350.11, 0.10040218], [62352.57, 0.02]], "ts": 1618626627392}
{"bids": [[62327.7, 0.02], [62319.24, 0.160412], [62319.23, 0.26], [62314.14, 0.025], [62311.57, 0.3]], "asks": [[62343.28, 0.88552829], [62346.39, 0.00612208], [62348.2, 0.6], [62350.11, 0.10040218], [62352.57, 0.02]], "ts": 1618626627392}
{"bids": [[62327.7, 0.02], [62319.24, 0.160412], [62319.23, 0.26], [62314.14, 0.025]], "asks": [[62343.28, 0.88552829], [62346.39, 0.00612208], [62348.2, 0.6], [62350.11, 0.10040218], [62352.57, 0.02]], "ts": 1618626627393}
{"bids": [[62327.7, 0.02], [62319.24, 0.160412], [62319.23, 0.26], [62314.14, 0.025], [62311.58, 0.3]], "asks": [[62343.28, 0.88552829], [62346.39, 0.00612208], [62348.2, 0.6], [62350.11, 0.10040218], [62352.57, 0.02]], "ts": 1618626627393}
{"bids": [[62327.7, 0.02], [62319.24, 0.160412], [62319.23, 0.26], [62314.14, 0.025]], "asks": [[62343.28, 0.88552829], [62346.39, 0.00612208], [62348.2, 0.6], [62350.11, 0.10040218], [62352.57, 0.02]], "ts": 1618626627394}
{"bids": [[62327.7, 0.02], [62319.24, 0.160412], [62319.23, 0.26], [62314.14, 0.025], [62311.54, 0.3]], "asks": [[62343.28, 0.88552829], [62346.39, 0.00612208], [62348.2, 0.6], [62350.11, 0.10040218], [62352.57, 0.02]], "ts": 1618626627394}
{"bids": [[62327.7, 0.02], [62319.24, 0.160412], [62319.23, 0.26], [62314.14, 0.025]], "asks": [[62343.28, 0.88552829], [62346.39, 0.00612208], [62348.2, 0.6], [62350.11, 0.10040218], [62352.57, 0.02]], "ts": 1618626627395}
{"bids": [[62327.7, 0.02], [62319.24, 0.160412], [62319.23, 0.26], [62314.14, 0.025], [62311.55, 0.3]], "asks": [[62343.28, 0.88552829], [62346.39, 0.00612208], [62348.2, 0.6], [62350.11, 0.10040218], [62352.57, 0.02]], "ts": 1618626627395}
{"bids": [[62327.7, 0.02], [62319.24, 0.160412], [62319.23, 0.26], [62314.14, 0.025]], "asks": [[62343.28, 0.88552829], [62346.39, 0.00612208], [62348.2, 0.6], [62350.11, 0.10040218], [62352.57, 0.02]], "ts": 1618626627396}
{"bids": [[62327.7, 0.02], [62319.24, 0.160412], [62319.23, 0.26], [62314.14, 0.025], [62311.56, 0.3]], "asks": [[62343.28, 0.88552829], [62346.39, 0.00612208], [62348.2, 0.6], [62350.11, 0.10040218], [62352.57, 0.02]], "ts": 1618626627396}
{"bids": [[62327.7, 0.02], [62319.24, 0.160412], [62319.23, 0.26], [62314.14, 0.025]], "asks": [[62343.28, 0.88552829], [62346.39, 0.00612208], [62348.2, 0.6], [62350.11, 0.10040218], [62352.57, 0.02]], "ts": 1618626627397}
{"bids": [[62327.7, 0.02], [62319.24, 0.160412], [62319.23, 0.26], [62314.14, 0.025], [62311.57, 0.3]], "asks": [[62343.28, 0.88552829], [62346.39, 0.00612208], [62348.2, 0.6], [62350.11, 0.10040218], [62352.57, 0.02]], "ts": 1618626627397}
{"bids": [[62327.7, 0.02], [62319.24, 0.160412], [62319.23, 0.26], [62314.14, 0.025]], "asks": [[62343.28, 0.88552829], [62346.39, 0.00612208], [62348.2, 0.6], [62350.11, 0.10040218], [62352.57, 0.02]], "ts": 1618626627398}
{"bids": [[62327.7, 0.02], [62319.24, 0.160412], [62319.23, 0.26], [62314.14, 0.025], [62311.58, 0.3]], "asks": [[62343.28, 0.88552829], [62346.39, 0.00612208], [62348.2, 0.6], [62350.11, 0.10040218], [62352.57, 0.02]], "ts": 1618626627398}
{"bids": [[62327.7, 0.02], [62319.24, 0.160412], [62319.23, 0.26], [62314.14, 0.025], [62311.59, 0.3]], "asks": [[62343.28, 0.88552829], [62346.39, 0.00612208], [62348.2, 0.6], [62350.11, 0.10040218], [62352.57, 0.02]], "ts": 1618626627398}
{"bids": [[62327.7, 0.02], [62319.24, 0.160412], [62319.23, 0.26], [62314.14, 0.025], [62311.59, 0.3]], "asks": [[62343.28, 0.88552829], [62346.39, 0.00612208], [62348.2, 0.6], [62350.11, 0.10040218], [62352.57, 0.02]], "ts": 1618626627399}
{"bids": [[62327.7, 0.02], [62319.24, 0.160412], [62319.23, 0.26], [62314.14, 0.025]], "asks": [[62343.28, 0.88552829], [62346.39, 0.00612208], [62348.2, 0.6], [62350.11, 0.10040218], [62352.57, 0.02]], "ts": 1618626627399}
{"bids": [[62327.7, 0.02], [62319.24, 0.160412], [62319.23, 0.26], [62314.14, 0.025], [62311.6, 0.3]], "asks": [[62343.28, 0.88552829], [62346.39, 0.00612208], [62348.2, 0.6], [62350.11, 0.10040218], [62352.57, 0.02]], "ts": 1618626627400}
{"bids": [[62327.7, 0.02], [62319.24, 0.160412], [62319.23, 0.26], [62314.14, 0.025], [62311.61, 0.3]], "asks": [[62343.28, 0.88552829], [62346.39, 0.00612208], [62348.2, 0.6], [62350.11, 0.10040218], [62352.57, 0.02]], "ts": 1618626627400}
{"bids": [[62327.7, 0.02], [62319.24, 0.160412], [62319.23, 0.26], [62314.14, 0.025], [62311.61, 0.3]], "asks": [[62343.28, 0.88552829], [62346.39, 0.00612208], [62348.2, 0.6], [62350.11, 0.10040218], [62352.57, 0.02]], "ts": 1618626627401}
{"bids": [[62327.7, 0.02], [62319.24, 0.160412], [62319.23, 0.26], [62314.14, 0.025]], "asks": [[62343.28, 0.88552829], [62346.39, 0.00612208], [62348.2, 0.6], [62350.11, 0.10040218], [62352.57, 0.02]], "ts": 1618626627401}
{"bids": [[62327.7, 0.02], [62319.24, 0.160412], [62319.23, 0.26], [62314.14, 0.025], [62311.62, 0.3]], "asks": [[62343.28, 0.88552829], [62346.39, 0.00612208], [62348.2, 0.6], [62350.11, 0.10040218], [62352.57, 0.02]], "ts": 1618626627402}
{"bids": [[62327.7, 0.02], [62319.24, 0.160412], [62319.23, 0.26], [62314.14, 0.025]], "asks": [[62343.28, 0.88552829], [62346.39, 0.00612208], [62348.2, 0.6], [62350.11, 0.10040218], [62352.57, 0.02]], "ts": 1618626627402}
{"bids": [[62327.7, 0.02], [62319.24, 0.160412], [62319.23, 0.26], [62314.14, 0.025], [62311.63, 0.3]], "asks": [[62343.28, 0.88552829], [62346.39, 0.00612208], [62348.2, 0.6], [62350.11, 0.10040218], [62352.57, 0.02]], "ts": 1618626627403}
{"bids": [[62327.7, 0.02], [62319.24, 0.160412], [62319.23, 0.26], [62314.14, 0.025], [62311.64, 0.3]], "asks": [[62343.28, 0.88552829], [62346.39, 0.00612208], [62348.2, 0.6], [62350.11, 0.10040218], [62352.57, 0.02]], "ts": 1618626627403}
{"bids": [[62327.7, 0.02], [62319.24, 0.160412], [62319.23, 0.26], [62314.14, 0.025], [62311.64, 0.3]], "asks": [[62343.28, 0.88552829], [62346.39, 0.00612208], [62348.2, 0.6], [62350.11, 0.10040218], [62352.57, 0.02]], "ts": 1618626627404}
{"bids": [[62328.44, 1.1], [62327.7, 0.02], [62319.24, 0.160412], [62319.23, 0.26], [62314.14, 0.025]], "asks": [[62343.28, 0.88552829], [62346.39, 0.00612208], [62348.2, 0.6], [62350.11, 0.10040218], [62352.57, 0.02]], "ts": 1618626627404}
{"bids": [[62328.44, 1.1], [62319.24, 0.160412], [62319.23, 0.26], [62314.14, 0.025]], "asks": [[62343.28, 0.88552829], [62346.39, 0.00612208], [62348.2, 0.6], [62350.11, 0.10040218], [62352.57, 0.02]], "ts": 1618626627405}
{"bids": [[62328.44, 1.1], [62319.24, 0.160412], [62319.23, 0.26], [62314.14, 0.025]], "asks": [[62343.28, 0.88552829], [62346.39, 0.00612208], [62348.2, 0.6], [62350.11, 0.10040218], [62352.57, 0.02]], "ts": 1618626627405}
{"bids": [[62328.44, 1.1], [62319.24, 0.160412], [62319.23, 0.26], [62314.14, 0.025], [62311.65, 0.3]], "asks": [[62343.28, 0.88552829], [62346.39, 0.00612208], [62348.2, 0.6], [62350.11, 0.10040218], [62352.57, 0.02]], "ts": 1618626627406}
{"bids": [[62328.44, 1.1], [62319.24, 0.160412], [62319.23, 0.26], [62311.65, 0.3]], "asks": [[62343.28, 0.88552829], [62346.39, 0.00612208], [62348.2, 0.6], [62350.11, 0.10040218], [62352.57, 0.02]], "ts": 1618626627406}
{"bids": [[62319.24, 0.160412], [62319.23, 0.26], [62311.65, 0.3]], "asks": [[62343.28, 0.88552829], [62346.39, 0.00612208], [62348.2, 0.6], [62350.11, 0.10040218], [62352.57, 0.02]], "ts": 1618626627407}
{"bids": [[62322.35, 1.1], [62319.24, 0.160412], [62319.23, 0.26], [62311.65, 0.3]], "asks": [[62343.28, 0.88552829], [62346.39, 0.00612208], [62348.2, 0.6], [62350.11, 0.10040218], [62352.57, 0.02]], "ts": 1618626627407}
{"bids": [[62328.45, 0.02], [62322.35, 1.1], [62319.24, 0.160412], [62319.23, 0.26], [62311.65, 0.3]], "asks": [[62343.28, 0.88552829], [62346.39, 0.00612208], [62348.2, 0.6], [62350.11, 0.10040218], [62352.57, 0.02]], "ts": 1618626627408}
{"bids": [[62328.45, 0.02], [62322.35, 1.1], [62319.24, 0.160412], [62319.23, 0.26], [62311.66, 0.3]], "asks": [[62343.28, 0.88552829], [62346.39, 0.00612208], [62348.2, 0.6], [62350.11, 0.10040218], [62352.57, 0.02]], "ts": 1618626627408}
{"bids": [[62328.45, 0.02], [62322.35, 1.1], [62319.24, 0.160412], [62319.23, 0.26], [62314.14, 0.025]], "asks": [[62343.28, 0.88552829], [62346.39, 0.00612208], [62348.2, 0.6], [62350.11, 0.10040218], [62352.57, 0.02]], "ts": 1618626627409}
{"bids": [[62328.45, 0.02], [62322.35, 1.1], [62319.24, 0.160412], [62319.23, 0.26], [62314.14, 0.025]], "asks": [[62343.28, 0.88552829], [62346.39, 0.00612208], [62348.2, 0.6], [62350.11, 0.10040218], [62352.57, 0.02]], "ts": 1618626627409}
{"bids": [[62328.45, 0.02], [62322.35, 1.1], [62319.24, 0.160412], [62319.23, 0.26]], "asks": [[62343.28, 0.88552829], [62346.39, 0.00612208], [62348.2, 0.6], [62350.11, 0.10040218], [62352.57, 0.02]], "ts": 1618626627410}
{"bids": [[62328.45, 0.02], [62322.35, 1.1], [62319.24, 0.160412], [62319.23, 0.26]], "asks": [[62343.28, 0.88552829], [62346.39, 0.00612208], [62348.2, 0.6], [62350.11, 0.10040218], [62352.57, 0.02]], "ts": 1618626627411}
{"bids": [[62328.45, 0.02], [62322.36, 0.3], [62322.35, 1.1], [62319.24, 0.160412], [62319.23, 0.26]], "asks": [[62343.28, 0.88552829], [62346.39, 0.00612208], [62348.2, 0.6], [62350.11, 0.10040218], [62352.57, 0.02]], "ts": 1618626627411}
{"bids": [[62328.45, 0.02], [62322.36, 0.325], [62322.35, 1.1], [62319.24, 0.160412], [62319.23, 0.26]], "asks": [[62343.28, 0.88552829], [62346.39, 0.00612208], [62348.2, 0.6], [62350.11, 0.10040218], [62352.57, 0.02]], "ts": 1618626627412}
{"bids": [[62330.21, 1.1], [62328.45, 0.02], [62322.36, 0.325], [62322.35, 1.1], [62319.24, 0.160412]], "asks": [[62343.28, 0.88552829], [62346.39, 0.00612208], [62348.2, 0.6], [62350.11, 0.10040218], [62352.57, 0.02]], "ts": 1618626627413}
{"bids": [[62330.21, 1.1], [62322.36, 0.325], [62322.35, 1.1], [62319.24, 0.160412]], "asks": [[62343.28, 0.88552829], [62346.39, 0.00612208], [62348.2, 0.6], [62350.11, 0.10040218], [62352.57, 0.02]], "ts": 1618626627414}
{"bids": [[62330.22, 0.02], [62330.21, 1.1], [62322.36, 0.325], [62322.35, 1.1], [62319.24, 0.160412]], "asks": [[62343.28, 0.88552829], [62346.39, 0.00612208], [62348.2, 0.6], [62350.11, 0.10040218], [62352.57, 0.02]], "ts": 1618626627414}
{"bids": [[62330.22, 0.02], [62322.36, 0.325], [62322.35, 1.1], [62319.24, 0.160412]], "asks": [[62343.28, 0.88552829], [62346.39, 0.00612208], [62348.2, 0.6], [62350.11, 0.10040218], [62352.57, 0.02]], "ts": 1618626627415}
{"bids": [[62330.22, 0.02], [62322.36, 0.325], [62322.35, 1.1], [62319.24, 0.160412]], "asks": [[62343.28, 0.88552829], [62346.39, 0.00612208], [62348.2, 0.6], [62350.11, 0.10040218], [62352.57, 0.02]], "ts": 1618626627416}
{"bids": [[62330.22, 0.02], [62322.36, 0.325], [62322.35, 1.1], [62319.24, 0.160412]], "asks": [[62343.28, 0.88552829], [62346.39, 0.00612208], [62348.2, 0.6], [62350.11, 0.10040218], [62352.57, 0.02]], "ts": 1618626627417}
{"bids": [[62330.22, 0.02], [62322.36, 0.325], [62322.35, 1.1], [62319.24, 0.160412]], "asks": [[62343.28, 0.88552829], [62346.39, 0.00612208], [62348.2, 0.6], [62350.11, 0.10040218], [62352.57, 0.02]], "ts": 1618626627417}
{"bids": [[62330.22, 0.02], [62322.36, 0.325], [62322.35, 1.1], [62319.24, 0.160412]], "asks": [[62343.28, 0.88552829], [62346.39, 0.00612208], [62348.2, 0.6], [62350.11, 0.10040218], [62352.57, 0.02]], "ts": 1618626627418}
{"bids": [[62330.22, 0.02], [62322.36, 0.325], [62322.35, 1.1], [62319.24, 0.160412]], "asks": [[62343.28, 0.88552829], [62346.39, 0.00612208], [62348.2, 0.6], [62350.11, 0.10040218], [62352.57, 0.02]], "ts": 1618626627419}
{"bids": [[62330.22, 0.02], [62322.36, 0.325], [62322.35, 1.1], [62319.24, 0.160412], [62304.91, 0.02705]], "asks": [[62343.28, 0.88552829], [62346.39, 0.00612208], [62348.2, 0.6], [62350.11, 0.10040218], [62352.57, 0.02]], "ts": 1618626627420}
{"bids": [[62330.22, 0.02], [62322.36, 0.325], [62322.35, 1.1], [62319.24, 0.160412], [62304.91, 0.02705]], "asks": [[62343.28, 0.88552829], [62346.39, 0.00612208], [62348.2, 0.6], [62350.11, 0.10040218], [62352.57, 0.02]], "ts": 1618626627421}
{"bids": [[62330.22, 0.02], [62322.36, 0.325], [62322.35, 1.1], [62319.24, 0.160412], [62304.91, 0.02705]], "asks": [[62343.28, 0.88552829], [62346.39, 0.00612208], [62348.2, 0.6], [62350.11, 0.10040218], [62352.57, 0.02]], "ts": 1618626627421}
{"bids": [[62330.22, 0.02], [62322.36, 0.325], [62322.35, 1.1], [62319.24, 0.160412], [62304.91, 0.02705]], "asks": [[62343.28, 0.88552829], [62346.39, 0.00612208], [62348.2, 0.6], [62350.11, 0.10040218], [62352.57, 0.02]], "ts": 1618626627422}
{"bids": [[62330.22, 0.02], [62322.36, 0.325], [62322.35, 1.1], [62319.24, 0.160412], [62304.91, 0.02705]], "asks": [[62343.28, 0.88552829], [62346.39, 0.00612208], [62348.2, 0.6], [62350.11, 0.10040218], [62352.57, 0.02]], "ts": 1618626627423}
{"bids": [[62330.36, 1.1], [62330.22, 0.02], [62322.36, 0.325], [62322.35, 1.1], [62319.24, 0.160412]], "asks": [[62343.28, 0.88552829], [62346.39, 0.00612208], [62348.2, 0.6], [62350.11, 0.10040218], [62352.57, 0.02]], "ts": 1618626627423}
{"bids": [[62330.36, 1.1], [62322.36, 0.325], [62322.35, 1.1], [62319.24, 0.160412]], "asks": [[62343.28, 0.88552829], [62346.39, 0.00612208], [62348.2, 0.6], [62350.11, 0.10040218], [62352.57, 0.02]], "ts": 1618626627424}
{"bids": [[62330.37, 0.02], [62330.36, 1.1], [62322.36, 0.325], [62322.35, 1.1], [62319.24, 0.160412]], "asks": [[62343.28, 0.88552829], [62346.39, 0.00612208], [62348.2, 0.6], [62350.11, 0.10040218], [62352.57, 0.02]], "ts": 1618626627425}
{"bids": [[62330.37, 0.02], [62322.36, 0.325], [62322.35, 1.1], [62319.24, 0.160412]], "asks": [[62343.28, 0.88552829], [62346.39, 0.00612208], [62348.2, 0.6], [62350.11, 0.10040218], [62352.57, 0.02]], "ts": 1618626627425}
{"bids": [[62330.37, 0.02], [62322.36, 0.325], [62322.35, 1.1], [62319.24, 0.160412]], "asks": [[62343.28, 0.88552829], [62346.39, 0.00612208], [62348.2, 0.6], [62350.11, 0.10040218], [62352.57, 0.02]], "ts": 1618626627426}
{"bids": [[62330.37, 0.02], [62322.36, 0.325], [62322.35, 1.1]], "asks": [[62343.28, 0.88552829], [62346.39, 0.00612208], [62348.2, 0.6], [62350.11, 0.10040218], [62352.57, 0.02]], "ts": 1618626627427}
{"bids": [[62330.37, 0.02], [62322.36, 0.325], [62322.35, 1.1]], "asks": [[62343.28, 0.88552829], [62346.39, 0.00612208], [62348.2, 0.6], [62350.11, 0.10040218], [62352.57, 0.02]], "ts": 1618626627427}
{"bids": [[62330.37, 0.02], [62322.36, 0.325], [62322.35, 1.1]], "asks": [[62343.28, 0.88552829], [62346.39, 0.00612208], [62348.2, 0.6], [62350.11, 0.10040218], [62352.57, 0.02]], "ts": 1618626627428}
